Details,Posting Date,Description,Amount,Type,Balance,Check or Slip #
CREDIT,02/23/2021,"ONLINE TRANSFER FROM SAV ...0501 TRANSACTION#: 11242318469",20.96,ACCT_XFER, ,,
DEBIT,02/23/2021,"POS DEBIT                DIXIE CHILI NEWPORT      NEWPORT       KY",-13.22,MISC_DEBIT, ,,
CREDIT,02/23/2021,"TOT ODP\SWP CR MEMO",13.22,MISC_CREDIT, ,,
DEBIT,02/22/2021,"ROBINHOOD        Funds      949253462       WEB ID: 1464364776",-5.00,ACH_DEBIT,0.00,,
DEBIT,02/22/2021,"ROBINHOOD        Funds      949253462       WEB ID: 1464364776",-5.00,ACH_DEBIT,5.00,,
DEBIT,02/22/2021,"Acorns Invest    Transfer   DBLKNN          WEB ID: 9000142693",-50.00,ACH_DEBIT,10.00,,
DEBIT,02/22/2021,"UBER   EATS HELP.UBER.COM CA                 02/20",-7.29,DEBIT_CARD,60.00,,
DEBIT,02/22/2021,"UBER   EATS HELP.UBER.COM CA                 02/20",-6.55,DEBIT_CARD,67.29,,
DEBIT,02/22/2021,"PAPA JOHNS #9 502-636-1112 KY                02/19",-30.43,DEBIT_CARD,73.84,,
DEBIT,02/22/2021,"RIVERSIDE PARKING 84 LOUISVILLE KY           02/20",-5.00,DEBIT_CARD,104.27,,
DEBIT,02/22/2021,"2222 GREAT CLIPS AT NEW NEWPORT KY           02/19",-18.00,DEBIT_CARD,109.27,,
DEBIT,02/22/2021,"KING VAPORS SHOP & LOUN NEWPORT KY           02/19",-81.07,DEBIT_CARD,127.27,,
CREDIT,02/22/2021,"ODP TRANSFER FROM SAVINGS 000003783160501",15.83,MISC_CREDIT,208.34,,
CREDIT,02/19/2021,"Online Transfer from SAV ...0501 transaction#: 11220323170",50.00,ACCT_XFER,192.51,,
DSLIP,02/19/2021,"DEPOSIT  ID NUMBER 538918",60.00,DEPOSIT,142.51,,
DEBIT,02/18/2021,"Acorns Invest    Transfer   FMC6LN          WEB ID: 9000142693",-7.39,ACH_DEBIT,82.51,,
DEBIT,02/18/2021,"ROBINHOOD        Funds      949253462       WEB ID: 1464364776",-5.00,ACH_DEBIT,89.90,,
DEBIT,02/18/2021,"ROBINHOOD        Funds      949253462       WEB ID: 1464364776",-5.00,ACH_DEBIT,94.90,,
DEBIT,02/18/2021,"ROBINHOOD        Funds      949253462       WEB ID: 1464364776",-5.00,ACH_DEBIT,99.90,,
DEBIT,02/18/2021,"ROBINHOOD        Funds      949253462       WEB ID: 1464364776",-5.00,ACH_DEBIT,104.90,,
DEBIT,02/18/2021,"ROBINHOOD        Funds      949253462       WEB ID: 1464364776",-5.00,ACH_DEBIT,109.90,,
DEBIT,02/18/2021,"ROBINHOOD        Funds      949253462       WEB ID: 1464364776",-5.00,ACH_DEBIT,114.90,,
DEBIT,02/18/2021,"ROBINHOOD        Funds      949253462       WEB ID: 1464364776",-5.00,ACH_DEBIT,119.90,,
DEBIT,02/18/2021,"ROBINHOOD        Funds      949253462       WEB ID: 1464364776",-5.00,ACH_DEBIT,124.90,,
DEBIT,02/18/2021,"ROBINHOOD        Funds      949253462       WEB ID: 1464364776",-5.00,ACH_DEBIT,129.90,,
DEBIT,02/18/2021,"ROBINHOOD        Funds      949253462       WEB ID: 1464364776",-5.00,ACH_DEBIT,134.90,,
DEBIT,02/18/2021,"QuickPay with Zelle payment to Zoey Mullins JPM534242809",-100.00,CHASE_TO_PARTNERFI,139.90,,
CREDIT,02/17/2021,"Online Transfer from SAV ...0501 transaction#: 11209023551",100.00,ACCT_XFER,239.90,,
DEBIT,02/16/2021,"Acorns Invest    Transfer   X62YHN          WEB ID: 9000142693",-25.00,ACH_DEBIT,139.90,,
DEBIT,02/16/2021,"LOWE'S #1071 HIGHLAND HGH KY         369009  02/14",-95.23,DEBIT_CARD,164.90,,
DEBIT,02/16/2021,"KROGER #4 130 PAVILION NEWPORT KY            02/14",-25.96,DEBIT_CARD,260.13,,
DEBIT,02/16/2021,"STEAMGAMES.COM 4259522 425-8899642 WA        02/15",-43.55,DEBIT_CARD,286.09,,
DEBIT,02/16/2021,"KROGER FUEL #442 130 P NEWPORT KY    057411  02/13",-33.17,DEBIT_CARD,329.64,,
DEBIT,02/16/2021,"NOODLES & CO WEB 776 olo.com KY              02/13",-11.45,DEBIT_CARD,362.81,,
DEBIT,02/16/2021,"MCDONALD'S F815 NEWPORT KY                   02/12",-7.60,DEBIT_CARD,374.26,,
DEBIT,02/16/2021,"KING VAPORS SHOP & LOUN NEWPORT KY           02/12",-47.69,DEBIT_CARD,381.86,,
DEBIT,02/12/2021,"Online Transfer to SAV ...0501 transaction#: 11179185333 02/12",-388.55,ACCT_XFER,429.55,,
CREDIT,02/12/2021,"GAI              EFT                        PPD ID: 1310501234",725.92,ACH_CREDIT,818.10,,
DEBIT,02/11/2021,"ROBINHOOD        Funds      949253462       WEB ID: 1464364776",-5.00,ACH_DEBIT,92.18,,
DEBIT,02/11/2021,"ROBINHOOD        Funds      949253462       WEB ID: 1464364776",-5.00,ACH_DEBIT,97.18,,
DEBIT,02/11/2021,"ROBINHOOD        Funds      949253462       WEB ID: 1464364776",-5.00,ACH_DEBIT,102.18,,
DEBIT,02/11/2021,"ROBINHOOD        Funds      949253462       WEB ID: 1464364776",-5.00,ACH_DEBIT,107.18,,
DEBIT,02/11/2021,"ROBINHOOD        Funds      949253462       WEB ID: 1464364776",-5.00,ACH_DEBIT,112.18,,
DEBIT,02/11/2021,"ROBINHOOD        Funds      949253462       WEB ID: 1464364776",-5.00,ACH_DEBIT,117.18,,
DEBIT,02/11/2021,"ROBINHOOD        Funds      949253462       WEB ID: 1464364776",-5.00,ACH_DEBIT,122.18,,
DEBIT,02/11/2021,"ROBINHOOD        Funds      949253462       WEB ID: 1464364776",-5.00,ACH_DEBIT,127.18,,
DEBIT,02/11/2021,"ROBINHOOD        Funds      949253462       WEB ID: 1464364776",-5.00,ACH_DEBIT,132.18,,
DEBIT,02/11/2021,"ROBINHOOD        Funds      949253462       WEB ID: 1464364776",-5.00,ACH_DEBIT,137.18,,
DEBIT,02/09/2021,"ROBINHOOD        Funds      949253462       WEB ID: 1464364776",-25.00,ACH_DEBIT,142.18,,
DEBIT,02/09/2021,"KING VAPORS SHOP & LOUN NEWPORT KY           02/08",-47.69,DEBIT_CARD,167.18,,
DEBIT,02/08/2021,"LOWE'S #1071 HIGHLAND HGH KY         881323  02/08",-24.00,DEBIT_CARD,214.87,,
DEBIT,02/08/2021,"Subscription     Acorns     WYGCM1          WEB ID: 9000142694",-1.00,ACH_DEBIT,238.87,,
DEBIT,02/08/2021,"Acorns Invest    Transfer   69CSCN          WEB ID: 9000142693",-5.08,ACH_DEBIT,239.87,,
DEBIT,02/08/2021,"Acorns Invest    Transfer   S71FCN          WEB ID: 9000142693",-25.00,ACH_DEBIT,244.95,,
DEBIT,02/08/2021,"CRUNCH FIT   ABC CLUB FEES                  PPD ID: 1710602737",-23.27,ACH_DEBIT,269.95,,
CREDIT,02/08/2021,"Online Transfer from SAV ...0501 transaction#: 11155660815",200.00,ACCT_XFER,293.22,,
DEBIT,02/05/2021,"Blue Link System 70BD3FCA6F 2102041927759   CCD ID:  814357085",-502.42,ACH_DEBIT,93.22,,
CREDIT,02/05/2021,"BLUE LINK SYSTEM FUNDS XFER                 PPD ID: 9100015844",2.42,ACH_CREDIT,595.64,,
DSLIP,02/04/2021,"REMOTE ONLINE DEPOSIT #          1",500.00,CHECK_DEPOSIT,593.22,1,
DEBIT,02/03/2021,"GRAMMARLY COCZDQCKZ GRAMMARLY.COM CA         02/02",-59.95,DEBIT_CARD,93.22,,
DEBIT,02/03/2021,"ROBINHOOD        Funds      949253462       WEB ID: 1464364776",-100.00,ACH_DEBIT,153.17,,
DEBIT,02/02/2021,"QuickPay with Zelle payment to ANTHONY E MANYET 11113196173",-450.00,QUICKPAY_DEBIT,253.17,,
CREDIT,02/02/2021,"COINBASE.COM     8889087930                 PPD ID: 1455293997",227.45,ACH_CREDIT,703.17,,
DEBIT,02/01/2021,"Acorns Invest    Transfer   95H06N          WEB ID: 9000142693",-25.00,ACH_DEBIT,475.72,,
DEBIT,02/01/2021,"TACO BELL 034682 LOUISVILLE KY               01/31",-27.05,DEBIT_CARD,500.72,,
DEBIT,02/01/2021,"PIZZA DONISI LOUISVILLE KY                   01/31",-35.00,DEBIT_CARD,527.77,,
DEBIT,02/01/2021,"TACO BELL 034682 LOUISVILLE KY               01/30",-7.92,DEBIT_CARD,562.77,,
DEBIT,02/01/2021,"KROGER FUEL #442 130 P NEWPORT KY    840754  01/30",-28.00,DEBIT_CARD,570.69,,
CREDIT,01/29/2021,"GAI              EFT                        PPD ID: 1310501234",409.17,ACH_CREDIT,598.69,,
DEBIT,01/28/2021,"Acorns Invest    Transfer   R4HT4N          WEB ID: 9000142693",-5.20,ACH_DEBIT,189.52,,
DEBIT,01/28/2021,"GOOGLE*POWERAMP INTERNET CA                  01/26",-4.89,DEBIT_CARD,194.72,,
DEBIT,01/27/2021,"KING VAPORS SHOP & LOUN NEWPORT KY           01/26",-47.69,DEBIT_CARD,199.61,,
DEBIT,01/26/2021,"GOOGLE *GilApps 855-836-3987 CA              01/25",-1.68,DEBIT_CARD,247.30,,
DEBIT,01/25/2021,"APEX MINEC* APEX HOS WWW.APEXMINEC FL        01/25",-14.99,DEBIT_CARD,248.98,,
DEBIT,01/25/2021,"Acorns Invest    Transfer   T1G22N          WEB ID: 9000142693",-25.00,ACH_DEBIT,263.97,,
DEBIT,01/25/2021,"CHICK-FIL-A #02525 NEWPORT KY                01/22",-11.44,DEBIT_CARD,288.97,,
DEBIT,01/22/2021,"QuickPay with Zelle payment to Zoey Mullins JPM516411276",-70.00,CHASE_TO_PARTNERFI,300.41,,
DEBIT,01/21/2021,"KING VAPORS SHOP & LOUN NEWPORT KY           01/20",-47.69,DEBIT_CARD,370.41,,
DEBIT,01/19/2021,"Acorns Invest    Transfer   VJ0DXM          WEB ID: 9000142693",-25.00,ACH_DEBIT,418.10,,
DEBIT,01/19/2021,"MCDONALD'S F4776 LOOUISVILLE KY              01/17",-12.79,DEBIT_CARD,443.10,,
DEBIT,01/19/2021,"KROGER FUEL #442 130 P NEWPORT KY    229585  01/16",-24.96,DEBIT_CARD,455.89,,
DEBIT,01/15/2021,"Online Transfer to  SAV ...0501 transaction#: 10913613336",-100.00,ACCT_XFER,480.85,,
CREDIT,01/15/2021,"GAI              EFT                        PPD ID: 1310501234",344.53,ACH_CREDIT,580.85,,
DEBIT,01/14/2021,"QuickPay with Zelle payment to JORDAN AVERY COLE 10998366302",-37.85,QUICKPAY_DEBIT,236.32,,
DEBIT,01/13/2021,"KING VAPORS SHOP & LOUN NEWPORT KY           01/12",-66.76,DEBIT_CARD,274.17,,
DEBIT,01/11/2021,"Subscription     Acorns     8MY2J1          WEB ID: 9000142694",-1.00,ACH_DEBIT,340.93,,
DEBIT,01/11/2021,"Acorns Invest    Transfer   M024SM          WEB ID: 9000142693",-25.00,ACH_DEBIT,341.93,,
DEBIT,01/08/2021,"CRUNCH FIT   ABC CLUB FEES                  PPD ID: 1710602737",-23.27,ACH_DEBIT,366.93,,
DEBIT,01/08/2021,"Strong's Brick Oven Piz Newport KY           01/07",-21.32,DEBIT_CARD,390.20,,
DEBIT,01/06/2021,"KINGS VAPORS AND LOUNGE CINCINNATI OH        01/05",-53.60,DEBIT_CARD,411.52,,
DEBIT,01/05/2021,"GRAETERS52 NEWPORT KY                        01/04",-6.10,DEBIT_CARD,465.12,,
DEBIT,01/05/2021,"DIXIE CHILI NEWPORT NEWPORT KY               01/04",-26.67,DEBIT_CARD,471.22,,
DEBIT,01/04/2021,"Acorns Invest    Transfer   CRM0NM          WEB ID: 9000142693",-25.00,ACH_DEBIT,497.89,,
DEBIT,01/04/2021,"VENMO            PAYMENT    5025761242      WEB ID: 3264681992",-40.00,ACH_DEBIT,522.89,,
DEBIT,01/04/2021,"QuickPay with Zelle payment to Zoey Mullins JPM503599307",-15.00,CHASE_TO_PARTNERFI,562.89,,
DEBIT,01/04/2021,"MCDONALD'S F815 NEWPORT KY                   12/31",-13.53,DEBIT_CARD,577.89,,
DEBIT,12/31/2020,"Online Transfer to  SAV ...0501 transaction#: 10891904036",-100.00,ACCT_XFER,591.42,,
CREDIT,12/31/2020,"GAI              EFT                        PPD ID: 1310501234",295.97,ACH_CREDIT,691.42,,
DEBIT,12/30/2020,"Acorns Invest    Transfer   0VL8LM          WEB ID: 9000142693",-5.15,ACH_DEBIT,395.45,,
DEBIT,12/29/2020,"QuickPay with Zelle payment to Zoey Mullins JPM500253760",-10.00,CHASE_TO_PARTNERFI,400.60,,
DEBIT,12/28/2020,"APEX MINEC* APEX HOS WWW.APEXMINEC FL        12/25",-14.99,DEBIT_CARD,410.60,,
DEBIT,12/28/2020,"NOODLES & CO 776 NEWPORT KY                  12/27",-23.80,DEBIT_CARD,425.59,,
DEBIT,12/28/2020,"Strong's Brick Oven Piz Newport KY           12/26",-5.00,DEBIT_CARD,449.39,,
DEBIT,12/24/2020,"LOWES #01071* HIGHLAND HEIG KY               12/23",-50.29,DEBIT_CARD,454.39,,
DEBIT,12/23/2020,"QuickPay with Zelle payment to SOPHIA ELIZABETH MANYET 10871914382",-60.00,QUICKPAY_DEBIT,504.68,,
DEBIT,12/23/2020,"LOWE'S #1071 HIGHLAND HGH KY         485768  12/23",-25.00,DEBIT_CARD,564.68,,
DEBIT,12/23/2020,"TJMAXX #0 10 & 18 WEST CINCINNATI OH         12/23",-26.75,DEBIT_CARD,589.68,,
DEBIT,12/21/2020,"TJMAXX #0 10 & 18 WEST CINCINNATI OH         12/20",-153.67,DEBIT_CARD,616.43,,
DEBIT,12/21/2020,"SNAPPY TOMATO PIZZA FO FORT THOMAS KY        12/19",-31.79,DEBIT_CARD,770.10,,
DEBIT,12/21/2020,"SHOOT POI SHOOT POINT Cincinnati OH          12/19",-26.70,DEBIT_CARD,801.89,,
DEBIT,12/21/2020,"KING VAPORS SHOP & LOUN NEWPORT KY           12/19",-54.94,DEBIT_CARD,828.59,,
CREDIT,12/21/2020,"QuickPay with Zelle payment from ZOEY MULLINS FTB014930830",28.00,PARTNERFI_TO_CHASE,883.53,,
CREDIT,12/18/2020,"GAI              EFT                        PPD ID: 1310501234",693.14,ACH_CREDIT,855.53,,
DEBIT,12/17/2020,"TST* MIDWAY CAFE FORT THOMAS KY              12/17",-50.00,DEBIT_CARD,162.39,,
DEBIT,12/16/2020,"KINGS VAPORS AND LOUNG NEWPORT KY    274339  12/16",-56.16,DEBIT_CARD,212.39,,
DEBIT,12/16/2020,"CHICK-FIL-A #02525 NEWPORT KY                12/14",-21.38,DEBIT_CARD,268.55,,
DEBIT,12/11/2020,"TJMAXX #0 10 & 18 WEST CINCINNATI OH         12/11",-215.17,DEBIT_CARD,289.93,,
DEBIT,12/11/2020,"Steam Purchase 425-9522985 WA                12/11",-15.89,DEBIT_CARD,505.10,,
DEBIT,12/09/2020,"Subscription     Acorns     T0BBF1          WEB ID: 9000142694",-1.00,ACH_DEBIT,520.99,,
DEBIT,12/09/2020,"QuickPay with Zelle payment to Zoey Mullins JPM487719033",-28.00,CHASE_TO_PARTNERFI,521.99,,
DEBIT,12/09/2020,"CHICK-FIL-A #02525 NEWPORT KY                12/07",-25.30,DEBIT_CARD,549.99,,
DEBIT,12/08/2020,"CRUNCH FIT   ABC CLUB FEES                  PPD ID: 1710602737",-23.27,ACH_DEBIT,575.29,,
DEBIT,12/07/2020,"LA ROSAS NEWPORT 513-984-3870 KY             12/06",-34.33,DEBIT_CARD,598.56,,
DEBIT,12/07/2020,"AMERISTOP FOOD MART BELLEVUE KY              12/04",-26.15,DEBIT_CARD,632.89,,
CREDIT,12/07/2020,"QuickPay with Zelle payment from ZOEY MULLINS FTB014505685",14.00,PARTNERFI_TO_CHASE,659.04,,
CREDIT,12/04/2020,"GAI              EFT                        PPD ID: 1310501234",567.95,ACH_CREDIT,645.04,,
DEBIT,11/30/2020,"QuickPay with Zelle payment to Zoey Mullins JPM481346128",-17.00,CHASE_TO_PARTNERFI,77.09,,
DEBIT,11/30/2020,"KROGER FUEL #442 130 P NEWPORT KY    634203  11/28",-27.44,DEBIT_CARD,94.09,,
DEBIT,11/27/2020,"QuickPay with Zelle payment to JORDAN AVERY COLE 10693283987",-127.45,QUICKPAY_DEBIT,121.53,,
DEBIT,11/27/2020,"INSOMNIA COOKIES CINCINNATI OH               11/26",-31.74,DEBIT_CARD,248.98,,
DEBIT,11/27/2020,"GRUBHUBSTRONGSBRICKOV GRUBHUB.COM NY         11/25",-31.36,DEBIT_CARD,280.72,,
CREDIT,11/27/2020,"DAVE & MATT INC  PAYROLL                    PPD ID: 2311299990",60.62,ACH_CREDIT,312.08,,
DEBIT,11/25/2020,"APEX MINEC* APEX HOS WWW.APEXMINEC FL        11/25",-14.99,DEBIT_CARD,251.46,,
DEBIT,11/25/2020,"AMZN Mktp US*D12RY36 Amzn.com/bill WA        11/24",-9.53,DEBIT_CARD,266.45,,
DEBIT,11/23/2020,"TJMAXX #0 10 & 18 WEST CINCINNATI OH         11/22",-65.68,DEBIT_CARD,275.98,,
DEBIT,11/23/2020,"BRG HOLDINGS LLC LOUISVILLE KY               11/21",-4.00,DEBIT_CARD,341.66,,
DEBIT,11/23/2020,"SMASHBURGER #1580 LOUISVILLE KY              11/21",-29.50,DEBIT_CARD,345.66,,
DEBIT,11/23/2020,"KROGER FUEL #442 130 P NEWPORT KY    511112  11/21",-19.81,DEBIT_CARD,375.16,,
DEBIT,11/23/2020,"AMZN Mktp US*DD3TW1V Amzn.com/bill WA        11/20",-145.81,DEBIT_CARD,394.97,,
DEBIT,11/20/2020,"QuickPay with Zelle payment to ANTHONY E MANYET 10671741602",-450.00,QUICKPAY_DEBIT,540.78,,
CREDIT,11/20/2020,"GAI              EFT                        PPD ID: 1310501234",582.24,ACH_CREDIT,990.78,,
DEBIT,11/19/2020,"AMZN Mktp US*F549U9R Amzn.com/bill WA        11/19",-13.77,DEBIT_CARD,408.54,,
DEBIT,11/18/2020,"SELFAUTHORING.COM HTTPSWWW.SELF FL           11/17",-29.90,DEBIT_CARD,422.31,,
DEBIT,11/16/2020,"ALDI 44038 LOUISVILLE KY                     11/14",-62.70,DEBIT_CARD,452.21,,
DEBIT,11/16/2020,"KROGER FUEL #442 130 P NEWPORT KY    845528  11/14",-29.33,DEBIT_CARD,514.91,,
CREDIT,11/16/2020,"QuickPay with Zelle payment from ZOEY MULLINS FTB013953985",32.00,PARTNERFI_TO_CHASE,544.24,,
DEBIT,11/12/2020,"QuickPay with Zelle payment to Zoey Mullins JPM470319257",-16.00,CHASE_TO_PARTNERFI,512.24,,
DEBIT,11/09/2020,"Subscription     Acorns     3R97B1          WEB ID: 9000142694",-1.00,ACH_DEBIT,528.24,,
DEBIT,11/09/2020,"CRUNCH FIT   ABC CLUB FEES                  PPD ID: 1710602737",-23.27,ACH_DEBIT,529.24,,
DSLIP,11/09/2020,"REMOTE ONLINE DEPOSIT #          1",199.02,CHECK_DEPOSIT,552.51,1,
DEBIT,11/06/2020,"QuickPay with Zelle payment to ANTHONY E MANYET 10596634024",-450.00,QUICKPAY_DEBIT,353.49,,
DEBIT,11/06/2020,"KERRY CHEVROLET ALEXANDRIA KY                11/05",-57.70,DEBIT_CARD,803.49,,
CREDIT,11/06/2020,"GAI              EFT                        PPD ID: 1310501234",682.42,ACH_CREDIT,861.19,,
DEBIT,11/04/2020,"Acorns Invest    Transfer   S4P1LL          WEB ID: 9000142693",-5.04,ACH_DEBIT,178.77,,
DEBIT,11/03/2020,"GRAMMARLY COAUIIVLT GRAMMARLY.COM CA         11/02",-59.95,DEBIT_CARD,183.81,,
DEBIT,11/02/2020,"WALGREENS STORE 700 AL LOUISVILLE KY 959969  11/01",-10.79,DEBIT_CARD,243.76,,
DEBIT,11/02/2020,"JIMMY JOHNS - 1232 LOUISVILLE KY             11/01",-13.77,DEBIT_CARD,254.55,,
DEBIT,11/02/2020,"BLAZE PIZZA SHELBYVILLE LOUISVILLE KY        10/31",-21.72,DEBIT_CARD,268.32,,
DEBIT,11/02/2020,"RIVERSIDE PARKING 84 LOUISVILLE KY           10/31",-5.00,DEBIT_CARD,290.04,,
DEBIT,11/02/2020,"KROGER FUEL #442 130 P NEWPORT KY    756147  10/31",-23.31,DEBIT_CARD,295.04,,
DEBIT,10/26/2020,"QuickPay with Zelle payment to JORDAN AVERY COLE JPM459680518",-41.19,CHASE_TO_PARTNERFI,318.35,,
DEBIT,10/26/2020,"APEX MINEC* APEX HOS WWW.APEXMINEC FL        10/24",-11.24,DEBIT_CARD,359.54,,
DEBIT,10/19/2020,"TARGET T- 3600 Mall Rd Louisville KY         10/17",-111.76,DEBIT_CARD,370.78,,
CREDIT,10/16/2020,"DAVE & MATT INC  PAYROLL                    PPD ID: 2311299990",422.15,ACH_CREDIT,482.54,,
DEBIT,10/15/2020,"Acorns Invest    Transfer   MSF07L          WEB ID: 9000142693",-5.27,ACH_DEBIT,60.39,,
DEBIT,10/15/2020,"KROGER FUEL #442 130 P NEWPORT KY    762979  10/15",-26.16,DEBIT_CARD,65.66,,
DEBIT,10/15/2020,"ARAMARK SERVICES CO UNI CINCINNATI OH        10/14",-2.95,DEBIT_CARD,91.82,,
DEBIT,10/14/2020,"NOODLES & CO WEB 776 olo.com KY              10/13",-22.26,DEBIT_CARD,94.77,,
DEBIT,10/13/2020,"LYFT   *RIDE FRI 8PM LYFT.COM CA             10/10",-13.55,DEBIT_CARD,117.03,,
DEBIT,10/09/2020,"Subscription     Acorns     GXN571          WEB ID: 9000142694",-1.00,ACH_DEBIT,130.58,,
DEBIT,10/08/2020,"CRUNCH FIT   ABC CLUB FEES                  PPD ID: 1710602737",-23.27,ACH_DEBIT,131.58,,
DEBIT,10/08/2020,"KINGS VAPORS AND LOUNG NEWPORT KY    874277  10/08",-7.83,DEBIT_CARD,154.85,,
DEBIT,10/07/2020,"Strong's Brick Oven Piz Newport KY           10/06",-31.00,DEBIT_CARD,162.68,,
DEBIT,10/06/2020,"GRAETERS52 NEWPORT KY                        10/05",-18.47,DEBIT_CARD,193.68,,
DEBIT,10/06/2020,"WABI SABI COVINGTON KY                       10/05",-32.00,DEBIT_CARD,212.15,,
CREDIT,10/02/2020,"DAVE & MATT INC  PAYROLL                    PPD ID: 2311299990",231.26,ACH_CREDIT,244.15,,
DEBIT,09/29/2020,"Acorns Invest    Transfer   KGQYWK          WEB ID: 9000142693",-5.02,ACH_DEBIT,12.89,,
DEBIT,09/29/2020,"KROGER FUEL 4423 NEWPORT KY          235586  09/29",-29.29,DEBIT_CARD,17.91,,
DEBIT,09/29/2020,"Steam Purchase 425-9522985 WA                09/29",-103.32,DEBIT_CARD,47.20,,
DEBIT,09/28/2020,"QuickPay with Zelle payment to JORDAN AVERY COLE 10356145496",-40.49,QUICKPAY_DEBIT,150.52,,
DEBIT,09/25/2020,"WALGREENS STORE 1601 M NEWPORT KY    760824  09/25",-7.54,DEBIT_CARD,191.01,,
DEBIT,09/24/2020,"AMZN Mktp US*M440Q4Q Amzn.com/bill WA        09/24",-31.68,DEBIT_CARD,198.55,,
DEBIT,09/24/2020,"AMZN Mktp US*M48AR98 Amzn.com/bill WA        09/23",-28.18,DEBIT_CARD,230.23,,
DEBIT,09/22/2020,"2222 GREAT CLIPS AT NEW NEWPORT KY           09/21",-20.00,DEBIT_CARD,258.41,,
DEBIT,09/21/2020,"QuickPay with Zelle payment to ANTHONY E MANYET 10321181704",-225.00,QUICKPAY_DEBIT,278.41,,
DSLIP,09/21/2020,"DEPOSIT  ID NUMBER 560417",80.00,DEPOSIT,503.41,,
DEBIT,09/18/2020,"MASTERCLASS HTTPSWWW.MAST CA                 09/17",-1.00,DEBIT_CARD,423.41,,
DEBIT,09/18/2020,"WILEY BOOK PUBLISHERS 800-434-3433 IN        09/18",-58.30,DEBIT_CARD,424.41,,
CREDIT,09/18/2020,"DAVE & MATT INC  PAYROLL                    PPD ID: 2311299990",415.32,ACH_CREDIT,482.71,,
DEBIT,09/17/2020,"SHELL SERVICE STATION RICHMOND KY    433939  09/17",-5.28,DEBIT_CARD,67.39,,
DEBIT,09/16/2020,"Acorns Invest    Transfer   88L6PK          WEB ID: 9000142693",-5.28,ACH_DEBIT,72.67,,
DEBIT,09/14/2020,"RIVERSIDE PARKING 84 LOUISVILLE KY           09/13",-5.00,DEBIT_CARD,77.95,,
DEBIT,09/14/2020,"KROGER FUEL 4423 NEWPORT KY          644952  09/12",-18.13,DEBIT_CARD,82.95,,
DEBIT,09/08/2020,"CRUNCH FIT   ABC CLUB FEES                  PPD ID: 1710602737",-23.27,ACH_DEBIT,101.08,,
DEBIT,09/08/2020,"Acorns Invest    Transfer   C37JJK          WEB ID: 9000142693",-25.00,ACH_DEBIT,124.35,,
DEBIT,09/08/2020,"CRUNCH FIT   ABC CLUB FEES                  PPD ID: 1710602737",-43.82,ACH_DEBIT,149.35,,
DEBIT,09/08/2020,"KROGER 423 NEWPORT KY                228743  09/06",-62.22,DEBIT_CARD,193.17,,
CREDIT,09/08/2020,"VENMO            CASHOUT                    PPD ID: 5264681992",70.00,ACH_CREDIT,255.39,,
DEBIT,09/04/2020,"Online Transfer to SAV ...0501 transaction#: 10235758615 09/04",-200.00,ACCT_XFER,185.39,,
CREDIT,09/04/2020,"DAVE & MATT INC  PAYROLL                    PPD ID: 2311299990",385.39,ACH_CREDIT,385.39,,
DEBIT,09/01/2020,"KY REVENUE DEPT EGOV.COM KY                  08/31",-10.28,DEBIT_CARD,0.00,,
DEBIT,09/01/2020,"KY REVENUE DEPT EGOV.COM KY                  08/31",-10.28,DEBIT_CARD,10.28,,
DEBIT,09/01/2020,"KY REVENUE DEPT EGOV.COM KY                  08/31",-10.28,DEBIT_CARD,20.56,,
DEBIT,09/01/2020,"KY-SEC OF STATE EGOV.COM KY                  08/31",-15.00,DEBIT_CARD,30.84,,
CREDIT,09/01/2020,"ODP TRANSFER FROM SAVINGS 000003783160501",45.84,MISC_CREDIT,45.84,,
DEBIT,08/31/2020,"KROGER FUEL 4423 NEWPORT KY          416688  08/31",-29.48,DEBIT_CARD,0.00,,
CREDIT,08/31/2020,"ODP TRANSFER FROM SAVINGS 000003783160501",29.48,MISC_CREDIT,29.48,,
DEBIT,08/28/2020,"INTERNATIONAL BOOK IM 931-759-7400 TN        08/27",-88.00,DEBIT_CARD,0.00,,
CREDIT,08/28/2020,"ODP TRANSFER FROM SAVINGS 000003783160501",88.00,MISC_CREDIT,88.00,,
DEBIT,08/27/2020,"AMZN Mktp US*MU1KH5L Amzn.com/bill WA        08/27",-7.41,DEBIT_CARD,0.00,,
CREDIT,08/27/2020,"ODP TRANSFER FROM SAVINGS 000003783160501",7.41,MISC_CREDIT,7.41,,
DEBIT,08/25/2020,"MHE*MCGRAW-HILL ECOMM 800-648-3045 NY        08/24",-77.19,DEBIT_CARD,0.00,,
CREDIT,08/25/2020,"ODP TRANSFER FROM SAVINGS 000003783160501",36.62,MISC_CREDIT,77.19,,
DEBIT,08/24/2020,"RIVERSIDE PARKING 84 LOUISVILLE KY           08/23",-5.00,DEBIT_CARD,40.57,,
DEBIT,08/24/2020,"RIVERSIDE PARKING 84 LOUISVILLE KY           08/23",-5.00,DEBIT_CARD,45.57,,
DEBIT,08/24/2020,"TST* PARLOUR JEFFERSO 502-408-4356 IN        08/23",-42.59,DEBIT_CARD,50.57,,
DEBIT,08/24/2020,"KROGER FUEL 4423 NEWPORT KY          423382  08/22",-13.83,DEBIT_CARD,93.16,,
CREDIT,08/24/2020,"QuickPay with Zelle payment from ZOEY MULLINS FTB011884424",42.00,PARTNERFI_TO_CHASE,106.99,,
DEBIT,08/21/2020,"Online Transfer to SAV ...0501 transaction#: 10152479419 08/21",-30.00,ACCT_XFER,64.99,,
DEBIT,08/21/2020,"QuickPay with Zelle payment to ANTHONY E MANYET 10152476529",-450.00,QUICKPAY_DEBIT,94.99,,
DEBIT,08/21/2020,"QuickPay with Zelle payment to JORDAN AVERY COLE 10152473194",-111.83,QUICKPAY_DEBIT,544.99,,
CREDIT,08/21/2020,"DAVE & MATT INC  PAYROLL                    PPD ID: 2311299990",607.32,ACH_CREDIT,656.82,,
DEBIT,08/19/2020,"VENMO*Manyet Spencer NEW YORK CITY NY296772  08/19",49.50,DEBIT_CARD,49.50,,
DEBIT,08/17/2020,"HOT HEAD BURRITOS - KY NEWPORT KY            08/15",-10.49,DEBIT_CARD,0.00,,
CREDIT,08/17/2020,"ODP TRANSFER FROM SAVINGS 000003783160501",10.49,MISC_CREDIT,10.49,,
DEBIT,08/12/2020,"WABI SABI COVINGTON KY                       08/11",-50.34,DEBIT_CARD,0.00,,
CREDIT,08/12/2020,"ODP TRANSFER FROM SAVINGS 000003783160501",18.56,MISC_CREDIT,50.34,,
DEBIT,08/10/2020,"KROGER FUEL 4423 NEWPORT KY          681013  08/09",-31.49,DEBIT_CARD,31.78,,
DEBIT,08/10/2020,"QuickPay with Zelle payment to Zoey Mullins JPM414847101",-24.00,CHASE_TO_PARTNERFI,63.27,,
DEBIT,08/10/2020,"WALGREENS STORE 1601 M NEWPORT KY    852590  08/09",-3.38,DEBIT_CARD,87.27,,
DEBIT,08/10/2020,"GRUBHUBSTRONGSBRICKOV GRUBHUB.COM NY         08/09",-39.61,DEBIT_CARD,90.65,,
DEBIT,08/10/2020,"BUFFALO WILD WINGS 0233 NEWPORT KY           08/06",-47.75,DEBIT_CARD,130.26,,
DEBIT,08/07/2020,"QuickPay with Zelle payment to ANTHONY E MANYET 10078968985",-450.00,QUICKPAY_DEBIT,178.01,,
DEBIT,08/07/2020,"KING VAPORS SHOP & LOUN NEWPORT KY           08/06",-26.49,DEBIT_CARD,628.01,,
CREDIT,08/07/2020,"DAVE & MATT INC  PAYROLL                    PPD ID: 2311299990",95.02,ACH_CREDIT,654.50,,
DSLIP,08/07/2020,"REMOTE ONLINE DEPOSIT #          1",87.00,CHECK_DEPOSIT,559.48,1,
DEBIT,08/06/2020,"TARGET T- 160 Pavilion Newport KY            08/06",-34.02,DEBIT_CARD,472.48,,
DEBIT,08/06/2020,"SQ *FORT THOMAS COFFEE Fort Thomas KY        08/06",-12.56,DEBIT_CARD,506.50,,
CREDIT,08/06/2020,"QuickPay with Zelle payment from ZOEY MULLINS FTB011507475",20.00,PARTNERFI_TO_CHASE,519.06,,
DEBIT,08/05/2020,"Strong's Brick Oven Piz Newport KY           08/04",-36.37,DEBIT_CARD,499.06,,
DEBIT,08/04/2020,"SQ *FORT THOMAS COFFEE Fort Thomas KY        08/04",-10.63,DEBIT_CARD,535.43,,
CREDIT,08/04/2020,"QuickPay with Zelle payment from ZOEY MULLINS FTB011459863",15.00,PARTNERFI_TO_CHASE,546.06,,
DEBIT,08/03/2020,"CKO*Patreon* Membershi 833-9728766 CA        08/01",-10.00,DEBIT_CARD,531.06,,
DEBIT,08/03/2020,"NOODLES & CO 776 NEWPORT KY                  08/02",-26.18,DEBIT_CARD,541.06,,
DEBIT,07/24/2020,"USA*COURTYARD MARRIOTT GREENVILLE SC         07/24",-3.00,DEBIT_CARD,567.24,,
CREDIT,07/24/2020,"DAVE & MATT INC  PAYROLL                    PPD ID: 2311299990",570.24,ACH_CREDIT,570.24,,
DEBIT,07/22/2020,"LA ROSAS NEWPORT 513-984-3870 KY             07/22",-36.68,DEBIT_CARD,0.00,,
CREDIT,07/22/2020,"ODP TRANSFER FROM SAVINGS 000003783160501",36.68,MISC_CREDIT,36.68,,
DEBIT,07/21/2020,"QuickPay with Zelle payment to JORDAN AVERY COLE 9982415412",-41.00,QUICKPAY_DEBIT,0.00,,
CREDIT,07/21/2020,"QuickPay with Zelle payment from ZOEY MULLINS FTB011130910",30.68,PARTNERFI_TO_CHASE,41.00,,
CREDIT,07/21/2020,"ODP TRANSFER FROM SAVINGS 000003783160501",10.32,MISC_CREDIT,10.32,,
DEBIT,07/20/2020,"TST* MIDWAY CAFE FORT THOMAS KY              07/19",-38.00,DEBIT_CARD,0.00,,
DEBIT,07/20/2020,"KROGER FUEL 4423 NEWPORT KY          868244  07/18",-28.75,DEBIT_CARD,38.00,,
DEBIT,07/20/2020,"KING VAPORS SHOP & LOUN NEWPORT KY           07/18",-29.72,DEBIT_CARD,66.75,,
CREDIT,07/20/2020,"QuickPay with Zelle payment from ZOEY MULLINS FTB011071524",15.00,PARTNERFI_TO_CHASE,96.47,,
CREDIT,07/20/2020,"ODP TRANSFER FROM SAVINGS 000003783160501",27.69,MISC_CREDIT,81.47,,
DEBIT,07/17/2020,"KING VAPORS SHOP & LOUN NEWPORT KY           07/16",-75.75,DEBIT_CARD,53.78,,
DEBIT,07/17/2020,"CITY BARBEQUE FLORENC C FLORENCE KY          07/15",-14.80,DEBIT_CARD,129.53,,
DEBIT,07/16/2020,"QuickPay with Zelle payment to ANTHONY E MANYET 9954804013",-200.00,QUICKPAY_DEBIT,144.33,,
DEBIT,07/15/2020,"SHOOT POINT BLANK RANG Florence KY   261804  07/15",-60.88,DEBIT_CARD,344.33,,
DEBIT,07/15/2020,"Strong's Brick Oven Piz Newport KY           07/14",-31.60,DEBIT_CARD,405.21,,
CREDIT,07/14/2020,"QuickPay with Zelle payment from ZOEY MULLINS FTB010973852",13.00,PARTNERFI_TO_CHASE,436.81,,
DEBIT,07/13/2020,"UBER   TRIP HELP.UBER.COM CA                 07/11",-5.00,DEBIT_CARD,423.81,,
DEBIT,07/13/2020,"UBER   TRIP HELP.UBER.COM CA                 07/11",-14.07,DEBIT_CARD,428.81,,
DEBIT,07/10/2020,"KROGER 423 NEWPORT KY                534524  07/10",-6.72,DEBIT_CARD,442.88,,
DEBIT,07/10/2020,"CITY BARBEQUE FLORENC C FLORENCE KY          07/08",-14.27,DEBIT_CARD,449.60,,
DEBIT,07/10/2020,"CHICK-FIL-A #02525 NEWPORT KY                07/08",-21.39,DEBIT_CARD,463.87,,
CREDIT,07/10/2020,"DAVE & MATT INC  PAYROLL                    PPD ID: 2311299990",485.26,ACH_CREDIT,485.26,,
DEBIT,07/08/2020,"CRUNCH FIT   ABC CLUB FEES                  PPD ID: 1710602737",-23.27,ACH_DEBIT,0.00,,
DEBIT,07/08/2020,"KROGER FUEL 4423 NEWPORT KY          128878  07/08",-28.63,DEBIT_CARD,23.27,,
DEBIT,07/08/2020,"AMZN Mktp US*MJ2MQ5V Amzn.com/bill WA        07/08",-31.69,DEBIT_CARD,51.90,,
CREDIT,07/08/2020,"QuickPay with Zelle payment from ZOEY MULLINS FTB010830834",15.00,PARTNERFI_TO_CHASE,83.59,,
DEBIT,07/08/2020,"VENMO*Manyet Spencer NEW YORK CITY NY927170  07/09",50.74,DEBIT_CARD,68.59,,
CREDIT,07/08/2020,"ODP TRANSFER FROM SAVINGS 000003783160501",17.85,MISC_CREDIT,17.85,,
DEBIT,07/07/2020,"PETSMART # 2344 NEWPORT KY           714175  07/07",-84.76,DEBIT_CARD,0.00,,
CREDIT,07/07/2020,"ODP TRANSFER FROM SAVINGS 000003783160501",83.99,MISC_CREDIT,84.76,,
DEBIT,07/06/2020,"TACO BELL 3302 NEWPORT KY                    07/03",-4.23,DEBIT_CARD,0.77,,
CREDIT,07/06/2020,"QuickPay with Zelle payment from ZOEY MULLINS FTB010739515",5.00,PARTNERFI_TO_CHASE,5.00,,
DEBIT,07/02/2020,"CKO*Patreon* Membershi 833-9728766 CA        07/01",-10.00,DEBIT_CARD,0.00,,
CREDIT,07/02/2020,"ODP TRANSFER FROM SAVINGS 000003783160501",10.00,MISC_CREDIT,10.00,,
DEBIT,07/01/2020,"Strong's Brick Oven Piz Newport KY           06/30",-28.80,DEBIT_CARD,0.00,,
DEBIT,07/01/2020,"AMZN Mktp US*MS61F5W Amzn.com/bill WA        06/30",-91.15,DEBIT_CARD,28.80,,
CREDIT,07/01/2020,"ODP TRANSFER FROM SAVINGS 000003783160501",119.95,MISC_CREDIT,119.95,,
DEBIT,06/30/2020,"AMZN Mktp US*MS24Z8W Amzn.com/bill WA        06/30",-121.88,DEBIT_CARD,0.00,,
CREDIT,06/30/2020,"QuickPay with Zelle payment from ZOEY MULLINS FTB010646819",14.00,PARTNERFI_TO_CHASE,121.88,,
CREDIT,06/30/2020,"ODP TRANSFER FROM SAVINGS 000003783160501",80.42,MISC_CREDIT,107.88,,
DEBIT,06/29/2020,"NOODLES & CO WEB 776 olo.com KY              06/28",-22.26,DEBIT_CARD,27.46,,
DEBIT,06/29/2020,"AMZN RENTAL EXTENSIO Amzn.com/bill WA        06/28",-15.52,DEBIT_CARD,49.72,,
DEBIT,06/29/2020,"SHELL SERVICE S RICHMOND KY                  06/27",-15.32,DEBIT_CARD,65.24,,
DEBIT,06/29/2020,"QuickPay with Zelle payment to ANTHONY E MANYET 9846113685",-450.00,QUICKPAY_DEBIT,80.56,,
CREDIT,06/29/2020,"QuickPay with Zelle payment from ZOEY MULLINS FTB010606760",11.00,PARTNERFI_TO_CHASE,530.56,,
CREDIT,06/26/2020,"DAVE & MATT INC  PAYROLL                    PPD ID: 2311299990",372.42,ACH_CREDIT,519.56,,
DEBIT,06/25/2020,"NOODLES & CO WEB 776 olo.com KY              06/24",-26.18,DEBIT_CARD,147.14,,
DEBIT,06/24/2020,"KROGER FUEL 4423 NEWPORT KY          786646  06/24",-30.47,DEBIT_CARD,173.32,,
DEBIT,06/23/2020,"QuickPay with Zelle payment to JORDAN AVERY COLE 9824885163",-94.14,QUICKPAY_DEBIT,203.79,,
DEBIT,06/23/2020,"GOOGLE* Falling Fruit 650-2530000 CA         06/23",-4.13,DEBIT_CARD,297.93,,
DEBIT,06/22/2020,"TACO BELL 3302 NEWPORT KY                    06/20",-8.46,DEBIT_CARD,302.06,,
DEBIT,06/18/2020,"GRAETERS52 NEWPORT KY                        06/17",-10.49,DEBIT_CARD,310.52,,
DEBIT,06/18/2020,"TST* MIDWAY CAFE FORT THOMAS KY              06/18",-34.60,DEBIT_CARD,321.01,,
DEBIT,06/17/2020,"GOOGLE *YouTube Supe g.co/helppay# CA        06/16",-5.00,DEBIT_CARD,355.61,,
DEBIT,06/15/2020,"TACO BELL 3302 NEWPORT KY                    06/14",-9.52,DEBIT_CARD,360.61,,
DEBIT,06/15/2020,"7210 CRUNCH NEWPORT KY NEWPORT KY            06/14",-3.00,DEBIT_CARD,370.13,,
DEBIT,06/15/2020,"LA ROSAS NEWPORT 513-984-3870 KY             06/14",-29.34,DEBIT_CARD,373.13,,
DEBIT,06/15/2020,"TJMAXX #0 10 & 18 WEST CINCINNATI OH         06/13",-5.29,DEBIT_CARD,402.47,,
DEBIT,06/15/2020,"TJMAXX #0 10 & 18 WEST CINCINNATI OH         06/13",-39.62,DEBIT_CARD,407.76,,
DEBIT,06/15/2020,"CHIPOTLE 2088 NEWPORT KY                     06/12",-21.52,DEBIT_CARD,447.38,,
CREDIT,06/15/2020,"QuickPay with Zelle payment from ZOEY MULLINS FTB010281454",14.67,PARTNERFI_TO_CHASE,468.90,,
DEBIT,06/12/2020,"KING VAPORS SHOP & LOUN NEWPORT KY           06/11",-16.91,DEBIT_CARD,454.23,,
DEBIT,06/12/2020,"CHICK-FIL-A #02525 NEWPORT KY                06/10",-20.94,DEBIT_CARD,471.14,,
CREDIT,06/12/2020,"DAVE & MATT INC  PAYROLL                    PPD ID: 2311299990",415.35,ACH_CREDIT,492.08,,
DEBIT,06/11/2020,"CRUNCH FIT   ABC CLUB FEES                  PPD ID: 1710602737",-23.27,ACH_DEBIT,76.73,,
CREDIT,06/10/2020,"QuickPay with Zelle payment from Mason Bibb USB0K2tbwPqy",100.00,PARTNERFI_TO_CHASE,100.00,,
DEBIT,06/08/2020,"TST* MIDWAY CAFE FORT THOMAS KY              06/07",-18.00,DEBIT_CARD,0.00,,
DEBIT,06/08/2020,"SPEEDWAY 05550 1 1902 NEWPORT KY     736884  06/06",-29.31,DEBIT_CARD,18.00,,
CREDIT,06/08/2020,"ODP TRANSFER FROM SAVINGS 000003783160501",0.11,MISC_CREDIT,47.31,,
DEBIT,06/05/2020,"AMZN Digital*MY5ZS901 888-802-3080 WA        06/04",-21.19,DEBIT_CARD,47.20,,
DEBIT,06/02/2020,"CKO*Patreon* Membershi 833-9728766 CA        06/01",-10.00,DEBIT_CARD,68.39,,
DEBIT,06/02/2020,"Prime Video*MY4HK9TD1 888-802-3080 WA        06/01",-10.83,DEBIT_CARD,78.39,,
DEBIT,06/01/2020,"QuickPay with Zelle payment to ANTHONY E MANYET 9705779375",-355.64,QUICKPAY_DEBIT,89.22,,
DEBIT,06/01/2020,"TST* MIDWAY CAFE FORT THOMAS KY              05/31",-50.25,DEBIT_CARD,444.86,,
CREDIT,05/29/2020,"DAVE & MATT INC  PAYROLL                    PPD ID: 2311299990",390.40,ACH_CREDIT,495.11,,
DEBIT,05/26/2020,"QuickPay with Zelle payment to JORDAN AVERY COLE 9670960195",-105.50,QUICKPAY_DEBIT,104.71,,
DEBIT,05/26/2020,"Prime Video*M71A27K81 888-802-3080 WA        05/26",-4.33,DEBIT_CARD,210.21,,
DEBIT,05/26/2020,"TST* MIDWAY CAFE FORT THOMAS KY              05/25",-33.01,DEBIT_CARD,214.54,,
DEBIT,05/26/2020,"STARBUCKS 800-782-7282 WA                    05/25",-10.00,DEBIT_CARD,247.55,,
DEBIT,05/26/2020,"TACO BELL 3302 NEWPORT KY                    05/22",-29.56,DEBIT_CARD,257.55,,
DEBIT,05/26/2020,"STARBUCKS 800-782-7282 WA                    05/23",-10.00,DEBIT_CARD,287.11,,
DEBIT,05/22/2020,"GOOGLE *Vito g.co/helppay# CA                05/21",-2.87,DEBIT_CARD,297.11,,
DEBIT,05/20/2020,"KROGER FUEL 4423 NEWPORT KY          724441  05/20",-14.88,DEBIT_CARD,299.98,,
DEBIT,05/20/2020,"KROGER 423 NEWPORT KY                302330  05/20",-58.18,DEBIT_CARD,314.86,,
DEBIT,05/18/2020,"LOWE'S #1071 HIGHLAND HGH KY         815187  05/18",-95.44,DEBIT_CARD,373.04,,
DEBIT,05/18/2020,"LOWE'S #1071 HIGHLAND HGH KY         596766  05/17",-38.43,DEBIT_CARD,468.48,,
CREDIT,05/18/2020,"QuickPay with Zelle payment from ZOEY MULLINS FTB009715011",9.00,PARTNERFI_TO_CHASE,506.91,,
DEBIT,05/18/2020,"LOWES #01071* HIGHLAND HEIG KY               05/18",14.96,DEBIT_CARD,497.91,,
DEBIT,05/15/2020,"QuickPay with Zelle payment to Zoey Mullins JPM369463560",-13.00,CHASE_TO_PARTNERFI,482.95,,
CREDIT,05/15/2020,"DAVE & MATT INC  PAYROLL                    PPD ID: 2311299990",353.84,ACH_CREDIT,495.95,,
DEBIT,05/13/2020,"KING VAPORS SHOP & LOUN NEWPORT KY           05/12",-28.08,DEBIT_CARD,142.11,,
DEBIT,05/13/2020,"AMZN Mktp US*MC0BT1S Amzn.com/bill WA        05/13",-35.26,DEBIT_CARD,170.19,,
DEBIT,05/12/2020,"QuickPay with Zelle payment to JORDAN AVERY COLE 9599711752",-154.00,QUICKPAY_DEBIT,205.45,,
DEBIT,05/12/2020,"AMZN Mktp US*BH2QT73 Amzn.com/bill WA        05/11",-144.12,DEBIT_CARD,359.45,,
DEBIT,05/11/2020,"AMZN Mktp US*CG9WR17 Amzn.com/bill WA        05/09",-7.41,DEBIT_CARD,503.57,,
DEBIT,05/06/2020,"PENN STATION 34 - ECO 859-291-7100 KY        05/05",-35.79,DEBIT_CARD,510.98,,
DEBIT,05/06/2020,"PAYPAL *JAAZ95 402-935-7733 CA               05/06",-10.00,DEBIT_CARD,546.77,,
CREDIT,05/05/2020,"QuickPay with Zelle payment from JONATHAN MULLINS FTB009459828",30.00,PARTNERFI_TO_CHASE,556.77,,
DEBIT,05/04/2020,"CKO*Patreon* Membershi 833-9728766 CA        05/01",-10.00,DEBIT_CARD,526.77,,
DEBIT,05/04/2020,"AMERISTOP FOOD MART BELLEVUE KY              05/04",-9.00,DEBIT_CARD,536.77,,
DEBIT,05/04/2020,"MARATHON PETRO14 CINCINNATI OH               05/04",-7.48,DEBIT_CARD,545.77,,
DEBIT,05/04/2020,"THE HOME DEPOT #3832 CINCINNATI OH   158499  05/04",-159.75,DEBIT_CARD,553.25,,
DEBIT,05/04/2020,"LOWE'S #1071 HIGHLAND HGH KY         145074  05/03",-138.10,DEBIT_CARD,713.00,,
DEBIT,05/04/2020,"TST* MIDWAY CAFE FORT THOMAS KY              05/04",-27.77,DEBIT_CARD,851.10,,
CREDIT,05/01/2020,"DAVE & MATT INC  PAYROLL                    PPD ID: 2311299990",315.29,ACH_CREDIT,878.87,,
DEBIT,04/29/2020,"STEAMGAMES.COM 4259522 425-8899642 WA        04/29",-16.73,DEBIT_CARD,563.58,,
CREDIT,04/29/2020,"QuickPay with Zelle payment from Mason Bibb USB0y78NyLmF",35.00,PARTNERFI_TO_CHASE,580.31,,
DEBIT,04/27/2020,"QuickPay with Zelle payment to Turtle JPM359848525",-15.00,CHASE_TO_PARTNERFI,545.31,,
DEBIT,04/22/2020,"SPEEDWAY 05550 1 1902 NEWPORT KY     105439  04/22",-26.25,DEBIT_CARD,560.31,,
CREDIT,04/17/2020,"DAVE & MATT INC  PAYROLL                    PPD ID: 2311299990",347.06,ACH_CREDIT,586.56,,
DEBIT,04/13/2020,"TST* MIDWAY CAFE FORT THOMAS KY              04/12",-17.82,DEBIT_CARD,239.50,,
DEBIT,04/13/2020,"QuickPay with Zelle payment to Turtle JPM353677935",-14.00,CHASE_TO_PARTNERFI,257.32,,
DEBIT,04/09/2020,"GOOGLE*AUXBRAIN INC INTERNET CA              04/08",-4.48,DEBIT_CARD,271.32,,
DEBIT,04/08/2020,"AMZN Digital*5910G6DR 888-802-3080 WA        04/07",-10.59,DEBIT_CARD,275.80,,
CREDIT,04/03/2020,"DAVE & MATT INC  PAYROLL                    PPD ID: 2311299990",286.39,ACH_CREDIT,286.39,,
DEBIT,04/02/2020,"CKO*Patreon* Membershi 833-9728766 CA        04/01",-10.00,DEBIT_CARD,0.00,,
DEBIT,04/02/2020,"SPEEDWAY 05550 1 1902 NEWPORT KY     115978  04/02",-27.69,DEBIT_CARD,10.00,,
CREDIT,04/02/2020,"ODP TRANSFER FROM SAVINGS 000003783160501",6.16,MISC_CREDIT,37.69,,
DEBIT,03/30/2020,"TST* MIDWAY CAFE FORT THOMAS KY              03/29",-45.07,DEBIT_CARD,31.53,,
DEBIT,03/27/2020,"QuickPay with Zelle payment to Turtle JPM347565625",-55.00,CHASE_TO_PARTNERFI,76.60,,
DEBIT,03/26/2020,"1444 Dominos Pizza FORT THOMAS KY            03/25",-33.87,DEBIT_CARD,131.60,,
CREDIT,03/26/2020,"QuickPay with Zelle payment from ANTHONY E MANYET 9354699849",70.00,QUICKPAY_CREDIT,165.47,,
DEBIT,03/25/2020,"TST* MIDWAY CAFE FORT THOMAS KY              03/25",-28.30,DEBIT_CARD,95.47,,
DEBIT,03/23/2020,"QuickPay with Zelle payment to JORDAN AVERY COLE 9342949393",-247.41,QUICKPAY_DEBIT,123.77,,
DEBIT,03/23/2020,"AMZN Mktp US*W38HI13 Amzn.com/bill WA        03/22",-9.01,DEBIT_CARD,371.18,,
DEBIT,03/23/2020,"LOWES #01071* 859-442-9333 KY                03/21",-27.94,DEBIT_CARD,380.19,,
CREDIT,03/23/2020,"Online Transfer from SAV ...0501 transaction#: 9342946559",90.00,ACCT_XFER,408.13,,
DEBIT,03/20/2020,"VENMO* Visa Direct NY                        03/20",-87.00,DEBIT_CARD,318.13,,
DEBIT,03/20/2020,"PAPA JOHN'S #0118 859-727-2999 KY            03/19",-29.26,DEBIT_CARD,405.13,,
CREDIT,03/20/2020,"DAVE & MATT INC  PAYROLL                    PPD ID: 2311299990",423.89,ACH_CREDIT,434.39,,
DEBIT,03/19/2020,"L AND W SUPPLY 347 CINCINNATI OH             03/17",-23.83,DEBIT_CARD,10.50,,
DEBIT,03/19/2020,"Amazon.com*PL61H9VA3 Amzn.com/bill WA        03/18",-62.08,DEBIT_CARD,34.33,,
DEBIT,03/18/2020,"KROGER FUEL 4423 NEWPORT KY          696475  03/18",-37.21,DEBIT_CARD,96.41,,
DEBIT,03/18/2020,"KING VAPORS SHOP & LOUN NEWPORT KY           03/17",-26.49,DEBIT_CARD,133.62,,
DEBIT,03/18/2020,"TST* MIDWAY CAFE FORT THOMAS KY              03/18",-17.23,DEBIT_CARD,160.11,,
DEBIT,03/17/2020,"QuickPay with Zelle payment to Turtle JPM343839016",-70.00,CHASE_TO_PARTNERFI,177.34,,
CREDIT,03/17/2020,"QuickPay with Zelle payment from ZOEY MULLINS FTB008562239",20.00,PARTNERFI_TO_CHASE,247.34,,
CREDIT,03/17/2020,"Online Transfer from SAV ...0501 transaction#: 9315229513",75.00,ACCT_XFER,227.34,,
DEBIT,03/16/2020,"QuickPay with Zelle payment to JORDAN AVERY COLE 9309189902",-69.00,QUICKPAY_DEBIT,152.34,,
DEBIT,03/16/2020,"SPEEDWAY 05550 1 1902 NEWPORT KY     420872  03/16",-47.33,DEBIT_CARD,221.34,,
DEBIT,03/16/2020,"WALGREENS STORE 1601 M NEWPORT KY    853450  03/14",-10.73,DEBIT_CARD,268.67,,
DEBIT,03/16/2020,"NOODLES & CO 776 NEWPORT KY                  03/14",-28.09,DEBIT_CARD,279.40,,
DEBIT,03/16/2020,"SKYLINE CHILI NEWPORT NEWPORT KY             03/13",-20.72,DEBIT_CARD,307.49,,
DEBIT,03/16/2020,"STARBUCKS STORE 02447 NEWPORT KY             03/13",-4.72,DEBIT_CARD,328.21,,
CREDIT,03/16/2020,"Online Transfer from SAV ...0501 transaction#: 9309187037",150.00,ACCT_XFER,332.93,,
DEBIT,03/13/2020,"CARABELLO COFFEE COMPAN NEWPORT KY           03/11",-14.87,DEBIT_CARD,182.93,,
DEBIT,03/12/2020,"LA ROSAS NEWPORT NEWPORT KY                  03/11",-26.66,DEBIT_CARD,197.80,,
DEBIT,03/10/2020,"KROGER FUEL 4423 NEWPORT KY          694777  03/10",-20.17,DEBIT_CARD,224.46,,
DEBIT,03/09/2020,"CRUNCH FIT   ABC CLUB FEES                  PPD ID: 1710602737",-23.27,ACH_DEBIT,244.63,,
DEBIT,03/09/2020,"AMZN Mktp US*RV9JI7P Amzn.com/bill WA        03/08",-17.92,DEBIT_CARD,267.90,,
DEBIT,03/09/2020,"KINGS VAPORS AND LOUNG NEWPORT KY    772228  03/07",-44.59,DEBIT_CARD,285.82,,
DEBIT,03/09/2020,"UOFL PHONE PARKING 502-852-7275 KY           03/07",-5.35,DEBIT_CARD,330.41,,
DEBIT,03/06/2020,"KROGER FUEL 4423 NEWPORT KY          284440  03/06",-24.15,DEBIT_CARD,335.76,,
CREDIT,03/06/2020,"DAVE & MATT INC  PAYROLL                    PPD ID: 2311299990",331.52,ACH_CREDIT,359.91,,
DEBIT,03/05/2020,"AMZN Digital*ZO6CE3PP 888-802-3080 WA        03/04",-10.59,DEBIT_CARD,28.39,,
DEBIT,03/05/2020,"UC VENDING CINCINNATI OH                     03/04",-2.00,DEBIT_CARD,38.98,,
DEBIT,03/05/2020,"AMZN Digital 888-802-3080 WA                 03/04",10.59,DEBIT_CARD,40.98,,
CREDIT,03/03/2020,"Online Transfer from SAV ...0501 transaction#: 9257972426",25.00,ACCT_XFER,30.39,,
DEBIT,03/02/2020,"CKO*Patreon* Membershi 833-9728766 CA        03/01",-15.00,DEBIT_CARD,5.39,,
DEBIT,03/02/2020,"MI COCINA ON FOURTH LOUISVILLE KY            02/29",-41.68,DEBIT_CARD,20.39,,
DEBIT,03/02/2020,"SHELL SERVICE S LOUISVILLE KY                03/01",-23.80,DEBIT_CARD,62.07,,
DEBIT,03/02/2020,"QuickPay with Zelle payment to ANTHONY E MANYET 9244237957",-310.00,QUICKPAY_DEBIT,85.87,,
DEBIT,02/24/2020,"CHEGG  ORDER 844-224-5952 CA                 02/21",-15.85,DEBIT_CARD,395.87,,
DEBIT,02/24/2020,"Prime Video*RB7V56TT3 888-802-3080 WA        02/23",-4.33,DEBIT_CARD,411.72,,
DEBIT,02/24/2020,"KROGER FUEL 4423 NEWPORT KY          287315  02/22",-31.98,DEBIT_CARD,416.05,,
CREDIT,02/21/2020,"DAVE & MATT INC  PAYROLL                    PPD ID: 2311299990",398.81,ACH_CREDIT,448.03,,
DEBIT,02/20/2020,"SUBWAY        03012291 CINCINNATI OH         02/19",-8.89,DEBIT_CARD,49.22,,
DEBIT,02/18/2020,"KINGS VAPORS AND LOUNG NEWPORT KY    354850  02/16",-19.07,DEBIT_CARD,58.11,,
DEBIT,02/18/2020,"TST* MUSSEL AND BURGER LOUISVILLE KY         02/16",-68.34,DEBIT_CARD,77.18,,
DEBIT,02/18/2020,"KROGER 423 NEWPORT KY                        02/15 Purchase $30.69 Cash Back $40.00",-70.69,DEBIT_CARD,145.52,,
DEBIT,02/18/2020,"KROGER FUEL 4423 NEWPORT KY          216477  02/15",-27.05,DEBIT_CARD,216.21,,
DEBIT,02/18/2020,"CARHARTT 877-335-4272 MI                     02/15",-65.70,DEBIT_CARD,243.26,,
DEBIT,02/13/2020,"SUBWAY        03012291 CINCINNATI OH         02/12",-8.89,DEBIT_CARD,308.96,,
DEBIT,02/12/2020,"KINGS VAPORS AND LOUNG NEWPORT KY    260603  02/12",-25.43,DEBIT_CARD,317.85,,
DEBIT,02/12/2020,"QuickPay with Zelle payment to Turtle JPM328228032",-25.00,CHASE_TO_PARTNERFI,343.28,,
DEBIT,02/10/2020,"CRUNCH FIT   ABC CLUB FEES                  PPD ID: 1710602737",-23.27,ACH_DEBIT,368.28,,
DEBIT,02/10/2020,"Online Transfer to SAV ...0501 transaction#: 9171324975 02/10",-125.00,ACCT_XFER,391.55,,
DEBIT,02/10/2020,"LYFT   *RIDE SUN 1AM lyft.com CA             02/09",-19.06,DEBIT_CARD,516.55,,
DEBIT,02/10/2020,"LYFT   *RIDE SAT 8PM lyft.com CA             02/09",-17.57,DEBIT_CARD,535.61,,
DEBIT,02/07/2020,"CKO*Patreon* Membershi 833-9728766 CA        02/06",-15.00,DEBIT_CARD,553.18,,
CREDIT,02/07/2020,"DAVE & MATT INC  PAYROLL                    PPD ID: 2311299990",467.90,ACH_CREDIT,568.18,,
DEBIT,02/05/2020,"KROGER FUEL 4423 NEWPORT KY          781827  02/05",-32.82,DEBIT_CARD,100.28,,
DEBIT,02/05/2020,"AMZN Mktp US*CK2WQ6K Amzn.com/bill WA        02/04",-46.53,DEBIT_CARD,133.10,,
DEBIT,02/04/2020,"AMZN Mktp US*529GT7D Amzn.com/bill WA        02/04",-100.69,DEBIT_CARD,179.63,,
DEBIT,02/03/2020,"NOODLES & CO OLYMPIA WA                      02/01",-27.51,DEBIT_CARD,280.32,,
DEBIT,02/03/2020,"BP#952468730 DONNERMEYE BELLEVUE KY          02/01",-28.85,DEBIT_CARD,307.83,,
DSLIP,01/31/2020,"DEPOSIT  ID NUMBER 966599",100.00,DEPOSIT,336.68,,
DEBIT,01/27/2020,"QuickPay with Zelle payment to ANTHONY E MANYET 9119023673",-450.00,QUICKPAY_DEBIT,236.68,,
CREDIT,01/24/2020,"DAVE & MATT INC  PAYROLL                    PPD ID: 2311299990",541.07,ACH_CREDIT,686.68,,
DEBIT,01/23/2020,"KROGER FUEL 4423 NEWPORT KY          685721  01/23",-35.04,DEBIT_CARD,145.61,,
DEBIT,01/22/2020,"CHEGG  ORDER 844-224-5952 CA                 01/21",-15.85,DEBIT_CARD,180.65,,
DEBIT,01/21/2020,"PAPA JOHNS #9 502-636-1112 KY                01/18",-21.05,DEBIT_CARD,196.50,,
DEBIT,01/21/2020,"NOODLES & CO OLYMPIA WA                      01/18",-26.77,DEBIT_CARD,217.55,,
DEBIT,01/21/2020,"KROGER FUEL 4423 NEWPORT KY          901980  01/18",-31.61,DEBIT_CARD,244.32,,
DEBIT,01/21/2020,"QuickPay with Zelle payment to Turtle JPM317919273",-50.00,CHASE_TO_PARTNERFI,275.93,,
DEBIT,01/21/2020,"VENMO* Visa Direct NY                        01/18",-100.00,DEBIT_CARD,325.93,,
DEBIT,01/21/2020,"VENMO*Manyet Spencer NEW YORK CITY NY535944  01/19",39.60,DEBIT_CARD,425.93,,
DEBIT,01/13/2020,"AMZN Mktp US*2X1WM0O Amzn.com/bill WA        01/12",-27.55,DEBIT_CARD,386.33,,
CREDIT,01/10/2020,"DAVE & MATT INC  PAYROLL                    PPD ID: 2311299990",285.18,ACH_CREDIT,413.88,,
DEBIT,01/09/2020,"FT THOMAS CARRY FORT THOMAS KY               01/09",-20.00,DEBIT_CARD,128.70,,
DEBIT,01/09/2020,"UNIV OF CINCI BKST # 3 800-3815151 IL        01/08",-33.99,DEBIT_CARD,148.70,,
DEBIT,01/08/2020,"CRUNCH FIT   ABC CLUB FEES                  PPD ID: 1710602737",-23.27,ACH_DEBIT,182.69,,
DEBIT,01/07/2020,"QuickPay with Zelle payment to Zoey Mullins JPM313584301",-25.00,CHASE_TO_PARTNERFI,205.96,,
DEBIT,01/06/2020,"KROGER FUEL 4423 NEWPORT KY          382420  01/04",-32.42,DEBIT_CARD,230.96,,
CREDIT,01/06/2020,"QuickPay with Zelle payment from ZOEY MULLINS FTB007333538",25.00,PARTNERFI_TO_CHASE,263.38,,
DEBIT,01/03/2020,"SP * PATRICK ADAIR D HTTPSPATRICKA UT        01/02",-382.50,DEBIT_CARD,238.38,,
DEBIT,01/02/2020,"VENMO* Visa Direct NY                        01/01",-16.00,DEBIT_CARD,620.88,,
DEBIT,01/02/2020,"LYFT   *RIDE WED 2AM LYFT.COM CA             01/01",-73.96,DEBIT_CARD,636.88,,
DEBIT,01/02/2020,"PAPA JOHN'S #276 513-321-3233 OH             01/01",-24.12,DEBIT_CARD,710.84,,
CREDIT,01/02/2020,"Online Transfer from SAV ...0501 transaction#: 9035610816",406.00,ACCT_XFER,734.96,,
DEBIT,12/30/2019,"QuickPay with Zelle payment to JORDAN AVERY COLE 9021943035",-50.00,QUICKPAY_DEBIT,328.96,,
CREDIT,12/27/2019,"DAVE & MATT INC  PAYROLL                    PPD ID: 2311299990",279.38,ACH_CREDIT,378.96,,
DEBIT,12/26/2019,"NAME-CHEAP.COM WWW.NAMECHEAP AZ              12/26",-18.12,DEBIT_CARD,99.58,,
DEBIT,12/26/2019,"GOOGLE *Pay VISA DIRECT CA           244968  12/25",14.00,DEBIT_CARD,117.70,,
CREDIT,12/26/2019,"Online Transfer from SAV ...0501 transaction#: 9004881189",100.00,ACCT_XFER,103.70,,
DEBIT,12/23/2019,"CHEGG  ORDER 844-224-5952 CA                 12/21",-14.95,DEBIT_CARD,3.70,,
DEBIT,12/23/2019,"KROGER FUEL 4423 NEWPORT KY          324805  12/22",-28.83,DEBIT_CARD,18.65,,
DEBIT,12/20/2019,"LA ROSAS NEWPORT 513-984-3870 KY             12/20",-34.57,DEBIT_CARD,47.48,,
DEBIT,12/20/2019,"CARABELLO COFFEE COMPAN NEWPORT KY           12/18",-14.75,DEBIT_CARD,82.05,,
DEBIT,12/19/2019,"ANTHROPOLOGIE.COM 800-309-2500 PA            12/18",-48.50,DEBIT_CARD,96.80,,
DEBIT,12/18/2019,"AMZN Mktp US*VR83A1J Amzn.com/bill WA        12/18",-8.13,DEBIT_CARD,145.30,,
DEBIT,12/18/2019,"LYFT   *RIDE TUE 12AM lyft.com CA            12/17",-50.12,DEBIT_CARD,153.43,,
DEBIT,12/18/2019,"LYFT   *RIDE MON 7PM lyft.com CA             12/17",-17.29,DEBIT_CARD,203.55,,
DEBIT,12/17/2019,"VENMO* Visa Direct NY                        12/17",-40.00,DEBIT_CARD,220.84,,
DEBIT,12/16/2019,"SHELL SERVICE S CINCINNATI OH                12/16",-15.59,DEBIT_CARD,260.84,,
DEBIT,12/16/2019,"LA ROSAS NEWPORT NEWPORT KY                  12/14",-38.57,DEBIT_CARD,276.43,,
DEBIT,12/16/2019,"CHIPOTLE 2088 NEWPORT KY                     12/13",-19.66,DEBIT_CARD,315.00,,
DEBIT,12/13/2019,"SKYLINE CHILI NEWPORT NEWPORT KY             12/13",-20.07,DEBIT_CARD,334.66,,
CREDIT,12/13/2019,"DAVE & MATT INC  PAYROLL                    PPD ID: 2311299990",287.45,ACH_CREDIT,354.73,,
DEBIT,12/11/2019,"KROGER FUEL 4423 NEWPORT KY          025618  12/11",-35.04,DEBIT_CARD,67.28,,
DEBIT,12/10/2019,"SKYLINE CHILI NEWPORT NEWPORT KY             12/09",-18.60,DEBIT_CARD,102.32,,
DEBIT,12/09/2019,"CRUNCH FIT   ABC CLUB FEES                  PPD ID: 1710602737",-23.27,ACH_DEBIT,120.92,,
DEBIT,12/09/2019,"VENMO* Visa Direct NY                        12/06",-6.00,DEBIT_CARD,144.19,,
DEBIT,12/05/2019,"FT THOMAS CARRY FORT THOMAS KY               12/05",-20.00,DEBIT_CARD,150.19,,
DEBIT,12/05/2019,"FORTUNE NOODLE HOUSE CINCINNATI OH           12/04",-21.51,DEBIT_CARD,170.19,,
DEBIT,12/05/2019,"AMK UC LANGSAM SBUCKS CINCINNATI OH          12/04",-2.95,DEBIT_CARD,191.70,,
DEBIT,12/04/2019,"MAIN ST EXPR MART STOR9 CINCINNATI OH        12/03",-3.49,DEBIT_CARD,194.65,,
DEBIT,12/03/2019,"Amazon.com*I59XB7XH3 Amzn.com/bill WA        12/03",-63.59,DEBIT_CARD,198.14,,
DEBIT,12/02/2019,"NOODLES & CO OLYMPIA WA                      12/01",-26.50,DEBIT_CARD,261.73,,
DEBIT,12/02/2019,"KROGER FUEL 4423 NEWPORT KY          552355  12/01",-26.98,DEBIT_CARD,288.23,,
DEBIT,12/02/2019,"LANIER PARKING 21082400 NEWPORT KY           12/01",-5.00,DEBIT_CARD,315.21,,
DEBIT,12/02/2019,"DEWEYS PIZZA NEWPORT NEWPORT KY              11/30",-28.91,DEBIT_CARD,320.21,,
DEBIT,12/02/2019,"9640 AMC ONLINE 888-440-4262 KS              12/01",-22.42,DEBIT_CARD,349.12,,
DEBIT,12/02/2019,"HAUTLK RACK8885478438 888-547-8438 CA        11/29",-28.59,DEBIT_CARD,371.54,,
DEBIT,12/02/2019,"IHOP #3478 NEWPORT KY                        11/29",-31.40,DEBIT_CARD,400.13,,
DEBIT,11/29/2019,"AM EAGLE OTFIT CINCINNATI OH                 11/29",-214.81,DEBIT_CARD,431.53,,
DEBIT,11/29/2019,"CANCUN MEXICAN BAR AND NEWPORT KY            11/27",-28.30,DEBIT_CARD,646.34,,
CREDIT,11/29/2019,"DAVE & MATT INC  PAYROLL                    PPD ID: 2311299990",274.12,ACH_CREDIT,674.64,,
DEBIT,11/27/2019,"FT THOMAS CARRY FORT THOMAS KY               11/27",-20.00,DEBIT_CARD,400.52,,
DEBIT,11/27/2019,"TJMAXX #0 10 & 18 WEST CINCINNATI OH         11/27",-12.70,DEBIT_CARD,420.52,,
DEBIT,11/27/2019,"SKYLINE CHILI NEWPORT NEWPORT KY             11/27",-22.50,DEBIT_CARD,433.22,,
DEBIT,11/26/2019,"AZLO             FUNDS XFER BLUE LINK SYSTE WEB ID: 1814532970",-100.00,ACH_DEBIT,455.72,,
DEBIT,11/26/2019,"KINGS VAPORS AND LOUNG NEWPORT KY    404515  11/26",-15.76,DEBIT_CARD,555.72,,
DEBIT,11/25/2019,"Shoot Point Blank - Bl CINCINNATI OH 320699  11/24",-49.60,DEBIT_CARD,571.48,,
DEBIT,11/25/2019,"VENMO* Visa Direct NY                        11/23",-13.00,DEBIT_CARD,621.08,,
DEBIT,11/25/2019,"SQ *BRITTNEY DAY GA FORT THOMAS KY           11/22",-37.50,DEBIT_CARD,634.08,,
DSLIP,11/25/2019,"DEPOSIT  ID NUMBER 223417",100.00,DEPOSIT,671.58,,
DEBIT,11/22/2019,"CHEGG  ORDER 844-224-5952 CA                 11/22",-14.95,DEBIT_CARD,571.58,,
DEBIT,11/21/2019,"KROGER FUEL 4423 NEWPORT KY          499754  11/21",-35.28,DEBIT_CARD,586.53,,
DEBIT,11/21/2019,"AMZN Mktp US*JU0OU42 Amzn.com/bill WA        11/21",-42.39,DEBIT_CARD,621.81,,
DEBIT,11/21/2019,"VENMO* Visa Direct NY                        11/20",-22.00,DEBIT_CARD,664.20,,
DEBIT,11/20/2019,"WITHDRAWAL 11/20",-360.00,MISC_DEBIT,686.20,,
DEBIT,11/20/2019,"Amazon.com*CG6GJ01N3 Amzn.com/bill WA        11/20",-249.07,DEBIT_CARD,1046.20,,
DEBIT,11/18/2019,"VENMO* Visa Direct NY                        11/18",-15.00,DEBIT_CARD,1295.27,,
CREDIT,11/15/2019,"DAVE & MATT INC  PAYROLL                    PPD ID: 2311299990",232.10,ACH_CREDIT,1310.27,,
DEBIT,11/12/2019,"SHELL SERVICE S LOUISVILLE KY                11/09",-27.81,DEBIT_CARD,1078.17,,
DSLIP,11/12/2019,"REMOTE ONLINE DEPOSIT #          1",50.00,CHECK_DEPOSIT,1105.98,1,
DSLIP,11/12/2019,"REMOTE ONLINE DEPOSIT #          1",100.00,CHECK_DEPOSIT,1055.98,1,
DEBIT,11/08/2019,"CRUNCH FIT   ABC CLUB FEES                  PPD ID: 1710602737",-23.27,ACH_DEBIT,955.98,,
DEBIT,11/05/2019,"KROGER FUEL 4423 NEWPORT KY          238096  11/05",-34.79,DEBIT_CARD,979.25,,
DEBIT,11/04/2019,"SHELL SERVICE S LOUISVILLE KY                11/02",-5.25,DEBIT_CARD,1014.04,,
DEBIT,11/04/2019,"MUSSEL AND BURGER BAR LOUISVILLE KY          11/02",-51.13,DEBIT_CARD,1019.29,,
DEBIT,11/04/2019,"PARC-PARKING AUTHORITY passportinc KY        11/02",-2.25,DEBIT_CARD,1070.42,,
DEBIT,11/01/2019,"KROGER 423 NEWPORT KY                342687  11/01",-13.77,DEBIT_CARD,1072.67,,
DEBIT,11/01/2019,"SPEEDWAY 05550 1 1902 NEWPORT KY     524299  11/01",-7.61,DEBIT_CARD,1086.44,,
DEBIT,11/01/2019,"SPEEDWAY 05550 1 1902 NEWPORT KY     525450  11/01",-32.57,DEBIT_CARD,1094.05,,
DEBIT,11/01/2019,"KINGS VAPORS AND LOUNG NEWPORT KY    402335  11/01",-25.97,DEBIT_CARD,1126.62,,
DEBIT,11/01/2019,"VENMO*Manyet Spencer NEW YORK CITY NY101804  11/02",34.65,DEBIT_CARD,1152.59,,
CREDIT,11/01/2019,"DAVE & MATT INC  PAYROLL                    PPD ID: 2311299990",394.59,ACH_CREDIT,1117.94,,
DEBIT,10/28/2019,"GNOME FOUNDATION HTTPSWWW.GNOM CA            10/27",-10.00,DEBIT_CARD,723.35,,
DEBIT,10/28/2019,"GOOGLE*DONATIONS NFG INTERNET CA             10/26",-20.00,DEBIT_CARD,733.35,,
DEBIT,10/24/2019,"KROGER 423 NEWPORT KY                740732  10/24",-100.84,DEBIT_CARD,753.35,,
DEBIT,10/23/2019,"KROGER FUEL 4423 NEWPORT KY          600677  10/23",-35.84,DEBIT_CARD,854.19,,
DEBIT,10/21/2019,"QuickPay with Zelle payment to ANTHONY E MANYET 8770784837",-450.00,QUICKPAY_DEBIT,890.03,,
DEBIT,10/21/2019,"MUSSEL AND BURGER BAR LOUISVILLE KY          10/19",-68.60,DEBIT_CARD,1340.03,,
DEBIT,10/21/2019,"PARC-PARKING AUTHORITY passportinc KY        10/19",-4.25,DEBIT_CARD,1408.63,,
DEBIT,10/21/2019,"BP#952468730 DONNERMEYE BELLEVUE KY          10/19",-36.00,DEBIT_CARD,1412.88,,
CREDIT,10/18/2019,"DAVE & MATT INC  PAYROLL                    PPD ID: 2311299990",289.26,ACH_CREDIT,1448.88,,
DEBIT,10/17/2019,"CHICK-FIL-A #02525 NEWPORT KY                10/15",-20.46,DEBIT_CARD,1159.62,,
DEBIT,10/16/2019,"WWW.GLDN.COM WWW.GLDN.COM WA                 10/15",-88.95,DEBIT_CARD,1180.08,,
CREDIT,10/16/2019,"ROBINHOOD        Funds      949253462       WEB ID: 1464364776",102.22,ACH_CREDIT,1269.03,,
DEBIT,10/15/2019,"VENMO*Manyet Spencer NEW YORK CITY NY472596  10/14",33.66,DEBIT_CARD,1166.81,,
DSLIP,10/11/2019,"DEPOSIT  ID NUMBER 241860",210.00,DEPOSIT,1133.15,,
DEBIT,10/10/2019,"AZLO             FUNDS XFER BLUE LINK SYSTE WEB ID: 1814532970",-100.00,ACH_DEBIT,923.15,,
DEBIT,10/09/2019,"SUBWAY        03012291 CINCINNATI OH         10/08",-10.32,DEBIT_CARD,1023.15,,
DEBIT,10/09/2019,"AMK UC LANGSAM SBUCKS CINCINNATI OH          10/08",-8.34,DEBIT_CARD,1033.47,,
DEBIT,10/08/2019,"CRUNCH FIT   ABC CLUB FEES                  PPD ID: 1710602737",-23.27,ACH_DEBIT,1041.81,,
DEBIT,10/08/2019,"QuickPay with Zelle payment to JORDAN AVERY COLE 8731112551",-50.00,QUICKPAY_DEBIT,1065.08,,
DEBIT,10/08/2019,"GRAETERS52 NEWPORT KY                        10/07",-6.94,DEBIT_CARD,1115.08,,
DEBIT,10/08/2019,"NAME-CHEAP.COM WWW.NAMECHEAP AZ              10/07",-9.06,DEBIT_CARD,1122.02,,
DEBIT,10/07/2019,"KROGER FUEL 4423 NEWPORT KY          097265  10/07",-35.34,DEBIT_CARD,1131.08,,
DEBIT,10/07/2019,"LANIER PARKING 21082400 NEWPORT KY           10/07",-3.00,DEBIT_CARD,1166.42,,
DEBIT,10/07/2019,"9640 AMC ONLINE 888-440-4262 KS              10/07",-27.30,DEBIT_CARD,1169.42,,
DEBIT,10/07/2019,"9640 AMC ONLINE 888-440-4262 KS              10/07",-4.00,DEBIT_CARD,1196.72,,
DEBIT,10/07/2019,"DIBELLA S #141 OLO 513-221-2970 OH           10/05",-24.51,DEBIT_CARD,1200.72,,
DEBIT,10/07/2019,"DIBELLA S #141 OLO 513-221-2970 OH           10/05",-21.08,DEBIT_CARD,1225.23,,
DEBIT,10/07/2019,"CHIPOTLE ONLINE 3035954000 CO                10/05",-2.49,DEBIT_CARD,1246.31,,
DEBIT,10/04/2019,"SPEEDWAY 05550 1 1902 NEWPORT KY     858374  10/04",-35.43,DEBIT_CARD,1248.80,,
CREDIT,10/04/2019,"DAVE & MATT INC  PAYROLL                    PPD ID: 2311299990",344.48,ACH_CREDIT,1284.23,,
DEBIT,10/02/2019,"UNIV CINTI ATHLETICS W 513-5562287 OH        10/01",-70.00,DEBIT_CARD,939.75,,
DEBIT,09/25/2019,"NOODLES & CO WEB 776 olo.com KY              09/24",-18.43,DEBIT_CARD,1009.75,,
DEBIT,09/24/2019,"KROGER FUEL 4423 NEWPORT KY          869460  09/24",-34.32,DEBIT_CARD,1028.18,,
DEBIT,09/23/2019,"WALGREENS STORE 700 AL LOUISVILLE KY 809665  09/21",-28.26,DEBIT_CARD,1062.50,,
DEBIT,09/23/2019,"PAPA JOHNS #9 502-636-1112 KY                09/20",-25.79,DEBIT_CARD,1090.76,,
DEBIT,09/23/2019,"UOFL PHONE PARKING 502-852-7275 KY           09/22",-16.35,DEBIT_CARD,1116.55,,
DEBIT,09/23/2019,"BP#952468730 DONNERMEYE BELLEVUE KY          09/20",-30.48,DEBIT_CARD,1132.90,,
CREDIT,09/20/2019,"DAVE & MATT INC  PAYROLL                    PPD ID: 2311299990",315.98,ACH_CREDIT,1163.38,,
DEBIT,09/19/2019,"VENMO* Visa Direct NY                        09/18",-40.00,DEBIT_CARD,847.40,,
DEBIT,09/19/2019,"CHICK-FIL-A #02525 NEWPORT KY                09/17",-21.68,DEBIT_CARD,887.40,,
DEBIT,09/16/2019,"AMK UC LANGSAM SBUCKS CINCINNATI OH          09/13",-13.73,DEBIT_CARD,909.08,,
DEBIT,09/13/2019,"MOJANG.COM STOCKHOLM                         09/13",-26.95,DEBIT_CARD,922.81,,
DEBIT,09/13/2019,"AMK UC LANGSAM SBUCKS CINCINNATI OH          09/12",-5.90,DEBIT_CARD,949.76,,
DEBIT,09/12/2019,"AMK UC LANGSAM SBUCKS CINCINNATI OH          09/11",-5.45,DEBIT_CARD,955.66,,
DEBIT,09/11/2019,"DIXIE CHILI NEWPORT NEWPORT KY               09/10",-10.52,DEBIT_CARD,961.11,,
DEBIT,09/11/2019,"BP#952468730 DONNERMEYE BELLEVUE KY          09/10",-32.74,DEBIT_CARD,971.63,,
DEBIT,09/11/2019,"ARAMARK SERVICES CO UNI CINCINNATI OH        09/10",-4.45,DEBIT_CARD,1004.37,,
DEBIT,09/09/2019,"CRUNCH FIT   ABC CLUB FEES                  PPD ID: 1710602737",-23.27,ACH_DEBIT,1008.82,,
DEBIT,09/09/2019,"MOJANG.COM STOCKHOLM                         09/08",-26.95,DEBIT_CARD,1032.09,,
DEBIT,09/09/2019,"PAPA JOHNS #9 502-636-1112 KY                09/07",-31.95,DEBIT_CARD,1059.04,,
DEBIT,09/09/2019,"DIBELLA'S #141 CINCINNATI OH                 09/06",-12.29,DEBIT_CARD,1090.99,,
DEBIT,09/06/2019,"CRUNCH FIT   ABC CLUB FEES                  PPD ID: 1710602737",-43.82,ACH_DEBIT,1103.28,,
DEBIT,09/06/2019,"SPEEDWAY 09583 N 40240 NEWPORT KY    649429  09/06",-16.95,DEBIT_CARD,1147.10,,
DEBIT,09/06/2019,"SPEEDWAY 09583 N 40240 NEWPORT KY    647502  09/06",-30.13,DEBIT_CARD,1164.05,,
CREDIT,09/06/2019,"QuickPay with Zelle payment from SOPHIA ELIZABETH MANYET 8620350548",25.00,QUICKPAY_CREDIT,1194.18,,
CREDIT,09/06/2019,"DAVE & MATT INC  PAYROLL                    PPD ID: 2311299990",519.63,ACH_CREDIT,1169.18,,
DEBIT,09/03/2019,"CHIPOTLE ONLINE 3035954000 CO                09/01",-9.86,DEBIT_CARD,649.55,,
DEBIT,08/28/2019,"Campus Bookstor Tangen CINCINNATI OH 020976  08/28",-373.15,DEBIT_CARD,659.41,,
DEBIT,08/28/2019,"BP#952468730 DONNERMEYE BELLEVUE KY          08/27",-30.84,DEBIT_CARD,1032.56,,
DEBIT,08/28/2019,"CHIPOTLE ONLINE 3035954000 CO                08/28",-9.86,DEBIT_CARD,1063.40,,
DEBIT,08/26/2019,"KING VAPORS SHOP & LOU NEWPORT KY    843074  08/26",-35.50,DEBIT_CARD,1073.26,,
DEBIT,08/26/2019,"PARC-PARKING AUTHORITY passportinc KY        08/24",-2.25,DEBIT_CARD,1108.76,,
DEBIT,08/26/2019,"BP#952468730 DONNERMEYE BELLEVUE KY          08/24",-32.63,DEBIT_CARD,1111.01,,
DEBIT,08/26/2019,"VENMO*Manyet Spencer NEW YORK CITY NY181899  08/26",9.75,DEBIT_CARD,1143.64,,
CREDIT,08/23/2019,"DAVE & MATT INC  PAYROLL                    PPD ID: 2311299990",280.56,ACH_CREDIT,1133.89,,
DEBIT,08/22/2019,"CHICK-FIL-A #02525 NEWPORT KY                08/20",-32.53,DEBIT_CARD,853.33,,
DEBIT,08/21/2019,"SQ *BRITTNEY DAY GARCI Fort Thomas KY        08/20",-30.00,DEBIT_CARD,885.86,,
CREDIT,08/21/2019,"QuickPay with Zelle payment from ANTHONY E MANYET 8559648458",35.00,QUICKPAY_CREDIT,915.86,,
CREDIT,08/21/2019,"QuickPay with Zelle payment from ANTHONY E MANYET 8559726354",145.00,QUICKPAY_CREDIT,880.86,,
DEBIT,08/19/2019,"VENMO*Manyet Spencer NEW YORK CITY NY271312  08/18",10.75,DEBIT_CARD,735.86,,
DEBIT,08/15/2019,"DEWEY'S PIZZA NEWPORT NEWPORT KY             08/14",-41.87,DEBIT_CARD,725.11,,
DEBIT,08/14/2019,"ROBINHOOD        Funds                      PPD ID: 1464364776",-100.00,ACH_DEBIT,766.98,,
DEBIT,08/14/2019,"STARBUCKS 800-782-7282 WA                    08/14",-25.00,DEBIT_CARD,866.98,,
DEBIT,08/14/2019,"CHIPOTLE ONLINE 3035954000 CO                08/14",-9.86,DEBIT_CARD,891.98,,
DEBIT,08/14/2019,"SKYLINE CHILI NEWPORT NEWPORT KY             08/13",-18.07,DEBIT_CARD,901.84,,
DEBIT,08/13/2019,"AZLO             FUNDS XFER BLUE LINK SYSTE WEB ID: 1814532970",-550.00,ACH_DEBIT,919.91,,
DEBIT,08/13/2019,"KING VAPORS SHOP & LOU NEWPORT KY    990372  08/13",-60.80,DEBIT_CARD,1469.91,,
DEBIT,08/12/2019,"KROGER FUEL 4423 NEWPORT KY          107598  08/12",-53.60,DEBIT_CARD,1530.71,,
DEBIT,08/12/2019,"TJMAXX #0 10 & 18 WEST CINCINNATI OH         08/12",-144.78,DEBIT_CARD,1584.31,,
CREDIT,08/12/2019,"COINBASE.COM/BTC 8889087930                 PPD ID: 1455293997",118.48,ACH_CREDIT,1729.09,,
CREDIT,08/12/2019,"QuickPay with Zelle payment from ANTHONY E MANYET 8529697423",495.00,QUICKPAY_CREDIT,1610.61,,
CREDIT,08/09/2019,"DAVE & MATT INC  PAYROLL                    PPD ID: 2311299990",335.30,ACH_CREDIT,1115.61,,
DEBIT,08/08/2019,"CRUNCH FIT   ABC CLUB FEES                  PPD ID: 1710602737",-23.27,ACH_DEBIT,780.31,,
DEBIT,08/08/2019,"NOODLES & CO WEB 776 olo.com KY              08/07",-19.35,DEBIT_CARD,803.58,,
DEBIT,08/08/2019,"Amazon.com*MA5G39V60 Amzn.com/bill WA        08/08",-19.07,DEBIT_CARD,822.93,,
DEBIT,08/08/2019,"CHIPOTLE ONLINE 3035954000 CO                08/08",-9.86,DEBIT_CARD,842.00,,
DEBIT,08/05/2019,"TST* MIDWAY CAFE FORT THOMAS KY              08/04",-27.01,DEBIT_CARD,851.86,,
DEBIT,08/05/2019,"LOWE'S #1071 HIGHLAND HGH KY         313945  08/03",-17.96,DEBIT_CARD,878.87,,
DEBIT,08/05/2019,"KING VAPORS SHOP & LOU NEWPORT KY    300976  08/03",-23.31,DEBIT_CARD,896.83,,
DEBIT,08/05/2019,"BP#952468730 DONNERMEYE BELLEVUE KY          08/03",-32.95,DEBIT_CARD,920.14,,
DEBIT,08/01/2019,"NOODLES & CO WEB 776 olo.com KY              07/31",-20.14,DEBIT_CARD,953.09,,
DEBIT,08/01/2019,"VENMO 855-812-4430 NY                        07/31",-27.53,DEBIT_CARD,973.23,,
DEBIT,07/31/2019,"KROGER FUEL 4423 NEWPORT KY          542191  07/31",-50.05,DEBIT_CARD,1000.76,,
DEBIT,07/26/2019,"NOODLES & CO WEB 776 olo.com KY              07/25",-22.00,DEBIT_CARD,1050.81,,
CREDIT,07/26/2019,"DAVE & MATT INC  PAYROLL                    PPD ID: 2311299990",148.75,ACH_CREDIT,1072.81,,
DEBIT,07/24/2019,"SQ *FORT THOMAS ICE CR Fort Thomas KY        07/23",-13.28,DEBIT_CARD,924.06,,
DEBIT,07/23/2019,"NOODLES & CO 776 NEWPORT KY                  07/23",-13.78,DEBIT_CARD,937.34,,
DEBIT,07/19/2019,"BP#8543464FT. T FORT THOMAS KY               07/19",-20.17,DEBIT_CARD,951.12,,
DEBIT,07/18/2019,"CANCUN MEXICAN BAR AND NEWPORT KY            07/17",-43.00,DEBIT_CARD,971.29,,
DEBIT,07/18/2019,"CHIPOTLE 2088 NEWPORT KY                     07/17",-17.33,DEBIT_CARD,1014.29,,
DEBIT,07/18/2019,"CHICK-FIL-A #02525 NEWPORT KY                07/16",-42.39,DEBIT_CARD,1031.62,,
CREDIT,07/18/2019,"QuickPay with Zelle payment from ANTHONY E MANYET 8444113803",120.00,QUICKPAY_CREDIT,1074.01,,
DEBIT,07/17/2019,"Amazon.com*MH0ML68M0 Amzn.com/bill WA        07/17",-7.41,DEBIT_CARD,954.01,,
DEBIT,07/16/2019,"BP#8543464FT. T FORT THOMAS KY               07/16",-20.02,DEBIT_CARD,961.42,,
DEBIT,07/16/2019,"QuickPay with Zelle payment to JORDAN AVERY COLE 8439289867",-14.00,QUICKPAY_DEBIT,981.44,,
DEBIT,07/16/2019,"QuickPay with Zelle payment to JORDAN AVERY COLE 8438205158",-20.00,QUICKPAY_DEBIT,995.44,,
DEBIT,07/16/2019,"CHIPOTLE ONLINE 3035954000 CO                07/16",-24.06,DEBIT_CARD,1015.44,,
DEBIT,07/16/2019,"PARCHMENT - UNIV DOCS 480-719-1646 AZ        07/16",-8.50,DEBIT_CARD,1039.50,,
DEBIT,07/15/2019,"SPEEDWAY 05550 1 1902 NEWPORT KY     965523  07/15",-40.00,DEBIT_CARD,1048.00,,
DEBIT,07/15/2019,"KING VAPORS SHOP & LOU NEWPORT KY    936891  07/15",-31.79,DEBIT_CARD,1088.00,,
DEBIT,07/15/2019,"DIXIE CHILI NEWPORT NEWPORT KY               07/14",-16.77,DEBIT_CARD,1119.79,,
DEBIT,07/15/2019,"KING VAPORS SHOP & LOU NEWPORT KY    367043  07/13",-135.63,DEBIT_CARD,1136.56,,
CREDIT,07/15/2019,"QuickPay with Zelle payment from JORDAN AVERY COLE 8430283579",42.00,QUICKPAY_CREDIT,1272.19,,
CREDIT,07/12/2019,"DAVE & MATT INC  PAYROLL                    PPD ID: 2311299990",100.98,ACH_CREDIT,1230.19,,
DEBIT,07/11/2019,"CHICK-FIL-A #02525 NEWPORT KY                07/09",-40.69,DEBIT_CARD,1129.21,,
DEBIT,07/10/2019,"7210 CRUNCH NEWPORT KY NEWPORT KY            07/08",-33.87,DEBIT_CARD,1169.90,,
DEBIT,07/10/2019,"CHICK-FIL-A #02525 NEWPORT KY                07/08",-17.30,DEBIT_CARD,1203.77,,
CREDIT,07/10/2019,"QuickPay with Zelle payment from ANTHONY E MANYET 8418140660",50.00,QUICKPAY_CREDIT,1221.07,,
DEBIT,07/09/2019,"SKYLINE CHILI NEWPORT NEWPORT KY             07/09",-19.00,DEBIT_CARD,1171.07,,
DEBIT,07/08/2019,"LANIER PARKING 21082400 NEWPORT KY           07/07",-5.00,DEBIT_CARD,1190.07,,
DEBIT,07/05/2019,"SPEEDWAY 05550 190 NEWPORT KY        693267  07/04",-55.75,DEBIT_CARD,1195.07,,
DEBIT,07/03/2019,"CANCUN MEXICAN BAR AND NEWPORT KY            07/02",-38.82,DEBIT_CARD,1250.82,,
DEBIT,07/02/2019,"KROGER 359 BELLEVUE KY               581647  07/02",-14.67,DEBIT_CARD,1289.64,,
DSLIP,07/01/2019,"REMOTE ONLINE DEPOSIT #          1",139.68,CHECK_DEPOSIT,1304.31,1,
CREDIT,06/28/2019,"DAVE & MATT INC  PAYROLL                    PPD ID: 2311299990",40.05,ACH_CREDIT,1164.63,,
DSLIP,06/20/2019,"REMOTE ONLINE DEPOSIT #          1",87.30,CHECK_DEPOSIT,1124.58,1,
DEBIT,06/18/2019,"NOODLES & CO 776 NEWPORT KY                  06/18",-32.33,DEBIT_CARD,1037.28,,
DEBIT,06/17/2019,"AMZN Mktp US*M63AR1H Amzn.com/bill WA        06/15",-11.99,DEBIT_CARD,1069.61,,
CREDIT,06/14/2019,"DAVE & MATT INC  PAYROLL                    PPD ID: 2311299990",78.81,ACH_CREDIT,1081.60,,
DEBIT,06/13/2019,"CANCUN MEXICAN BAR AND NEWPORT KY            06/12",-35.00,DEBIT_CARD,1002.79,,
DEBIT,06/10/2019,"BP#8543464FT. T FORT THOMAS KY               06/10",-6.41,DEBIT_CARD,1037.79,,
DEBIT,06/10/2019,"STARBUCKS STORE 02447 NEWPORT KY             06/07",-5.26,DEBIT_CARD,1044.20,,
DEBIT,06/07/2019,"CHIPOTLE 2088 NEWPORT KY                     06/06",-21.36,DEBIT_CARD,1049.46,,
DEBIT,06/07/2019,"CHICK-FIL-A #02525 NEWPORT KY                06/05",-22.68,DEBIT_CARD,1070.82,,
DEBIT,06/06/2019,"SPEEDWAY 05550 190 NEWPORT KY        795936  06/06",-32.01,DEBIT_CARD,1093.50,,
CREDIT,06/05/2019,"QuickPay with Zelle payment from JORDAN AVERY COLE 8302751612",11.34,QUICKPAY_CREDIT,1125.51,,
DEBIT,06/04/2019,"CANCUN MEXICAN BAR AND NEWPORT KY            06/03",-26.75,DEBIT_CARD,1114.17,,
DEBIT,06/03/2019,"SQ *THEN, NOW, ALWAYS L Portland OR          06/02",-48.68,DEBIT_CARD,1140.92,,
DEBIT,06/03/2019,"SPEEDWAY 05550 190 NEWPORT KY        795197  06/01",-50.33,DEBIT_CARD,1189.60,,
CREDIT,06/03/2019,"QuickPay with Zelle payment from SOPHIA ELIZABETH MANYET 8288818652",53.00,QUICKPAY_CREDIT,1239.93,,
CREDIT,05/31/2019,"DAVE & MATT INC  PAYROLL                    PPD ID: 2311299990",116.57,ACH_CREDIT,1186.93,,
DEBIT,05/28/2019,"KROGER FUEL 4423 NEWPORT KY          824613  05/28",-45.06,DEBIT_CARD,1070.36,,
DEBIT,05/28/2019,"KROGER 359 BELLEVUE KY               933674  05/25",-52.11,DEBIT_CARD,1115.42,,
DEBIT,05/28/2019,"CBI*EASEUS SOFTWARE 800-799-9570 IL          05/25",-18.44,DEBIT_CARD,1167.53,,
DEBIT,05/21/2019,"QuickPay with Zelle payment to JORDAN AVERY COLE 8252387158",-60.00,QUICKPAY_DEBIT,1185.97,,
DEBIT,05/20/2019,"LANIER PARKING 21082400 NEWPORT KY           05/18",-5.00,DEBIT_CARD,1245.97,,
DEBIT,05/20/2019,"FANDANGO FANDANGO.COM CA                     05/18",-26.70,DEBIT_CARD,1250.97,,
DEBIT,05/20/2019,"CHIPOTLE 2088 NEWPORT KY                     05/17",-23.85,DEBIT_CARD,1277.67,,
CREDIT,05/17/2019,"DAVE & MATT INC  PAYROLL                    PPD ID: 2311299990",78.46,ACH_CREDIT,1301.52,,
DEBIT,05/13/2019,"QuickPay with Zelle payment to JORDAN AVERY COLE 8222203165",-25.00,QUICKPAY_DEBIT,1223.06,,
DEBIT,05/13/2019,"SKYLINE CHILI NEWPORT NEWPORT KY             05/11",-26.03,DEBIT_CARD,1248.06,,
DEBIT,05/08/2019,"UNIV CINTI       ONLINE     8878            WEB ID: 1316000989",-45.00,ACH_DEBIT,1274.09,,
DEBIT,05/06/2019,"LANIER PARKING 21082400 NEWPORT KY           05/05",-3.00,DEBIT_CARD,1319.09,,
DEBIT,05/06/2019,"FIVE GUYS KY 1509 QSR NEWPORT KY             05/04",-23.27,DEBIT_CARD,1322.09,,
CREDIT,05/03/2019,"DAVE & MATT INC  PAYROLL                    PPD ID: 2311299990",77.88,ACH_CREDIT,1345.36,,
DEBIT,04/29/2019,"TARGET T- 160 Pavilion Newport KY            04/29 Purchase $31.78 Cash Back $20.00",-51.78,DEBIT_CARD,1267.48,,
DEBIT,04/26/2019,"SPEEDWAY 09583 NEW NEWPORT KY        520613  04/26",-49.80,DEBIT_CARD,1319.26,,
DEBIT,04/23/2019,"SPEEDWAY 05550 190 NEWPORT KY        715894  04/23",-30.19,DEBIT_CARD,1369.06,,
DEBIT,04/22/2019,"GRAETERS52 NEWPORT KY                        04/20",-11.34,DEBIT_CARD,1399.25,,
DEBIT,04/22/2019,"MCDONALD'S F815 NEWPORT KY                   04/20",-9.61,DEBIT_CARD,1410.59,,
DEBIT,04/22/2019,"LANIER PARKING 21082400 NEWPORT KY           04/21",-3.00,DEBIT_CARD,1420.20,,
DEBIT,04/22/2019,"0665 AMC NEWPORT-LEVEE NEWPORT KY            04/20",-20.12,DEBIT_CARD,1423.20,,
DEBIT,04/22/2019,"CHIPOTLE 2088 NEWPORT KY                     04/20",-9.86,DEBIT_CARD,1443.32,,
CREDIT,04/19/2019,"DAVE & MATT INC  PAYROLL                    PPD ID: 2311299990",38.61,ACH_CREDIT,1453.18,,
DEBIT,04/09/2019,"UNIV CINTI       ONLINE     8555            WEB ID: 1316000989",-100.00,ACH_DEBIT,1414.57,,
CREDIT,04/05/2019,"DAVE & MATT INC  PAYROLL                    PPD ID: 2311299990",81.41,ACH_CREDIT,1514.57,,
DEBIT,04/01/2019,"HOOVER DAM TICKETING 702-494-2517 NV         03/30",-90.00,DEBIT_CARD,1433.16,,
DEBIT,03/28/2019,"HIGHLANDS HIGH SCHOOL FORT THOMAS KY         03/27",-1.50,DEBIT_CARD,1523.16,,
DEBIT,03/25/2019,"LANIER PARKING 21082400 NEWPORT KY           03/24",-3.00,DEBIT_CARD,1524.66,,
DEBIT,03/25/2019,"0665 AMC NEWPORT-LEVEE NEWPORT KY            03/23",-46.60,DEBIT_CARD,1527.66,,
DEBIT,03/25/2019,"SUBWAY        03130473 FORT THOMAS KY        03/23",-16.27,DEBIT_CARD,1574.26,,
DEBIT,03/25/2019,"CHIPOTLE 2088 NEWPORT KY                     03/22",-9.86,DEBIT_CARD,1590.53,,
DEBIT,03/22/2019,"KROGER FUEL 4423 NEWPORT KY          584497  03/22",-40.17,DEBIT_CARD,1600.39,,
DEBIT,03/22/2019,"Amazon.com*MW9PM3080 Amzn.com/bill WA        03/21",-105.90,DEBIT_CARD,1640.56,,
CREDIT,03/22/2019,"DAVE & MATT INC  PAYROLL                    PPD ID: 2311299990",77.23,ACH_CREDIT,1746.46,,
DEBIT,03/19/2019,"GOOGLE*REDDIT INC G.CO HELPPAY# CA           03/18",-2.04,DEBIT_CARD,1669.23,,
DEBIT,03/19/2019,"HIGHLANDS HIGH SCHOOL FORT THOMAS KY         03/18",-1.50,DEBIT_CARD,1671.27,,
DEBIT,03/18/2019,"PAYPAL           VERIFYBANK                 PPD ID: PAYPALRD33",-0.31,ACH_DEBIT,1672.77,,
CREDIT,03/18/2019,"PAYPAL           VERIFYBANK                 PPD ID: PAYPALRD33",0.11,ACH_CREDIT,1673.08,,
CREDIT,03/18/2019,"PAYPAL           VERIFYBANK                 PPD ID: PAYPALRD33",0.20,ACH_CREDIT,1672.97,,
CREDIT,03/15/2019,"QuickPay with Zelle payment from CARLEE JEAN SCHWARTZ 8034158547",15.00,QUICKPAY_CREDIT,1672.77,,
DEBIT,03/11/2019,"TST* FLIPDADDY S BURGER NEWPORT KY           03/10",-35.68,DEBIT_CARD,1657.77,,
DEBIT,03/11/2019,"KROGER FUEL 4423 NEWPORT KY          520570  03/10",-35.58,DEBIT_CARD,1693.45,,
DEBIT,03/11/2019,"ELEVATED VAPOZ LLC FORT THOMAS KY            03/09",-15.90,DEBIT_CARD,1729.03,,
DEBIT,03/11/2019,"CHICK-FIL-A #02114 BEAVERCREEK OH            03/09",-4.98,DEBIT_CARD,1744.93,,
CREDIT,03/08/2019,"DAVE & MATT INC  PAYROLL                    PPD ID: 2311299990",73.56,ACH_CREDIT,1749.91,,
DEBIT,03/05/2019,"TERRACE CAFE CINCINNATI OH                   03/03",-32.75,DEBIT_CARD,1676.35,,
DEBIT,03/04/2019,"ZENBUSINESS INC. HTTPSZENBUSIN TX            03/03",-10.00,DEBIT_CARD,1709.10,,
DEBIT,03/04/2019,"NAME-CHEAP.COM WWW.NAMECHEAP AZ              03/03",-7.93,DEBIT_CARD,1719.10,,
DEBIT,03/01/2019,"NOODLES & CO 776 NEWPORT KY          714120  03/01",-20.67,DEBIT_CARD,1727.03,,
DEBIT,02/27/2019,"KROGER FUEL 4423 NEWPORT KY          914488  02/27",-40.15,DEBIT_CARD,1747.70,,
